2567 3884
852 213 1070 266 LIBER
1105 213 1236 267 xm
1275 219 1503 268 14-16,
2049 211 2177 276 381

149 357 514 423 Audiebam
559 356 731 420 enim
777 361 1034 420 nostros
1077 378 1377 441 proceres
1422 355 1840 420 clamitantis:

243 482 540 564 ‘biluwas
586 479 743 562 ἔσθ,
794 480 907 544 ἵνα
953 484 1054 556 τίς
1100 496 1172 544 σε
1216 477 1328 543 καὶ
1373 479 1715 560 ὀψιγόνων
1761 474 1837 543 εὖ
1884 483 2051 562 εἴπῃ.

241 569 333 645 ὣς
368 568 569 652 φάτο,
615 569 734 632 τὸν
781 566 839 632 δ’
891 569 1082 652 ἄχεος
1127 566 1373 651 νεφέλη
1421 567 1707 644 ἐκάλυψε
1752 565 2070 650 μέλαινα.’

154 709 282 774 Sed
324 713 541 774 tamen
586 708 758 772 idem
801 731 905 773 me
943 708 1358 774 consolantur
1404 708 1629 792 etiam3
1673 707 2005 771 hominem
2048 727 2189 789 per-
2225 721 2257 769 2

98 816 125 856 5
153 802 370 863 ustum
417 797 770 861 etiamnum
815 797 1028 883 gloria
1061 789 1292 862 volunt
1338 795 1676 860 incendere
1723 798 1915 879 atque
1962 794 2055 857 ita
2098 793 2190 857 lo-

154 890 415 951 cuntur:

246 1009 358 1092 εμὴ
404 1008 540 1092 μὰν
584 1007 911 1072 ἀσπουδεί
951 1031 1025 1089 γε
1069 1005 1182 1071 καὶ
1228 1007 1505 1082 ἀκλειῶς
1552 1005 1941 1090 ἀπολοίμην,

246 1097 413 1160 ἀλλὰ
458 1093 623 1179 μέγα
668 1095 858 1181 ῥέξας
901 1119 966 1160 τι
1011 1094 1124 1159 καὶ
1170 1093 1586 1178 ἐσσομένοισι
1633 1093 2023 1159 πυθέσθαι)

159 1237 286 1301 Sed
330 1259 433 1306 me
478 1235 692 1300 minus
737 1237 867 1299 iam
912 1239 1201 1318 movent,
1257 1238 1332 1298 ut
1377 1234 1571 1298 vides,
1663 1231 1891 1318 Itaque
1936 1233 2018 1298 ab
2063 1232 2197 1296 Ho-

72 1345 130 1385 ιο
158 1324 936 1499 ῗὲἑίιπέῑὲῖξρϋοᾳιιθῃὺίε
1000 1324 1261 1387 confero
1325 1345 1431 1387 me
1494 1323 1579 1386 ad
1638 1343 1791 1388 vera
1857 1325 2198 1406 praecepta

249 1537 442 1619 ‘menn
489 1536 845 1619 σοφιστήν,
894 1535 1073 1609 ὅστις
1120 1534 1241 1617 οὐχ
1290 1535 1469 1621 αὑτῷ
1519 1535 1774 1618 σοφός’,

161 1697 353 1761 quem
381 1697 637 1740 versum
665 1696 859 1739 senex
884 1674 1200 1739 Precilius
1233 1674 1458 1738 laudat
1484 1674 1743 1760 egregie
1780 1678 1847 1738 et
1884 1673 1975 1738 ait
2011 1694 2200 1757 posse

161 1763 436 1828 eundem
480 1768 545 1827 et
591 1765 749 1848 Ἥέμοε
793 1766 1062 1849 πρόσσω
1108 1761 1221 1826 καὶ
1268 1763 1548 1828 ὀπίσσω’
1595 1762 1813 1826 videre
1858 1765 1923 1825 et
1982 1764 2201 1825 tamen

75 1871 132 1913 15
159 1853 369 1917 nihilo
413 1851 628 1915 minus

250 1972 421 2040 εοείὲν
465 1974 840 2061 ἀριστεύειν
883 1971 994 2038 καὶ
1041 1974 1399 2057 ὑπείροχον
1446 1975 1717 2056 ἔμμεναι
1764 1972 2027 2036 &amvi

297 2116 425 2180 Sed
458 2120 534 2179 ut
570 2115 827 2179 redeam
863 2114 944 2178 ad
979 2114 1072 2198 id,
1119 2114 1288 2178 unde
1335 2113 1544 2196 coepi,
1590 2111 2004 2177 vehementer
2039 2112 2203 2176 mihi
2240 2128 2272 2174 3

163 2207 423 2289 gratum
466 2204 720 2286 feceris,
777 2203 833 2266 si
885 2202 1060 2265 hunc
1105 2202 1580 2266 adulescentem
1623 2200 2027 2264 humanitate
2071 2204 2202 2286 tua,

167 2313 329 2374 quae
365 2294 462 2354 est
497 2290 861 2376 singularis,
909 2289 1387 2374 comprenderis
1428 2293 1495 2354 et
1539 2288 1621 2352 ad
1666 2288 1759 2372 id,
1817 2289 1992 2372 quod
2035 2289 2204 2372 ipso-

77 2400 136 2439 20
167 2401 312 2442 rum
383 2379 807 2443 Preciliorum
879 2399 1068 2442 causa
1135 2382 1200 2442 te
1272 2378 1439 2442 velle
1508 2376 1816 2461 arbitror,
1880 2377 2204 2440 addideris

167 2467 496 2530 cumulum
559 2467 1134 2532 commendationis
1195 2488 1393 2530 meae.
1507 2463 1752 2530 Genere
1825 2487 1994 2529 novo
2060 2487 2206 2529 sum

165 2556 532 2620 litterarum
590 2555 671 2617 ad
722 2558 790 2618 te
842 2577 1025 2639 usus,
1085 2557 1161 2618 ut
1217 2554 1629 2640 intellegeres
1683 2575 1816 2618 non
1869 2554 2207 2638 vulgarem

166 2665 304 2708 esse
351 2642 988 2707 commendationem.

1101 2797 1275 2864 XVI.

75 2943 136 2984 25
581 2911 695 2976 Sor.
733 2922 865 2976 ibid.
903 2922 1016 2988 fere
1051 2923 1166 2976 eod.
1202 2927 1359 2989 temp.
1401 2936 1505 2989 quo
1541 2936 1622 2988 ep.
1664 2919 1794 2972 XV.

837 3043 1090 3098 CICERO
1141 3041 1450 3096 CAESARI
1488 3041 1539 3096 S.

297 3168 366 3232 P.
409 3168 710 3234 Crassum
755 3191 836 3233 ex
881 3170 1058 3233 omni
1103 3169 1449 3232 nobilitate
1486 3167 1959 3230 adulescentem
2009 3165 2207 3230 dilexi
2248 3184 2275 3230 1

163 3258 544 3342 plurimum,
601 3260 668 3321 et
713 3278 793 3321 ex
838 3278 913 3321 eo
961 3279 1108 3321 cum
1153 3257 1234 3320 ab
1291 3257 1555 3320 ineunte
1604 3255 1739 3319 eius
1787 3257 1995 3319 aetate
2043 3255 2206 3320 bene

165 3347 604 3430 speravissem,
650 3350 792 3410 tum
836 3345 1117 3429 perbene
1165 3344 1535 3408 existimare
1584 3344 1765 3427 coepi
1813 3342 2068 3407 eximiis
2115 3343 2209 3408 iu-

75 3457 135 3495 30
165 3435 381 3518 diciis,
447 3457 608 3519 quae
672 3435 748 3499 de
809 3455 884 3498 eo
944 3434 1216 3516 feceras,
1283 3432 1579 3518 cognitis.
1673 3431 1833 3495 Eius
1898 3431 2208 3497 libertum

161 3523 586 3606 Apollonium
645 3524 775 3588 iam
834 3525 976 3586 tum
1037 3520 1366 3605 equidem,
1429 3542 1575 3584 cum
1636 3519 1747 3584 ille
1805 3519 2083 3605 viveret,
2145 3524 2209 3585 et
