2567 3884
517 216 617 269 AD
658 213 898 280 QUINT.
937 216 1196 272 FRATR.
1234 218 1453 271 LIBER
1488 218 1565 270 HI
1604 224 1757 272 6—8.
2026 218 2154 281 557

1061 428 1207 494 VII.

477 548 774 603 MARCUS
813 549 1087 614 QUINTO
1134 549 1405 603 FRATRI
1444 548 1798 605 SALUTEM.

513 672 626 728 Sor.
664 673 729 727 in
762 672 1075 727 Tusculano
1110 689 1180 727 m.
1210 673 1353 728 Nov.
1391 691 1444 728 a.
1485 677 1597 727 700
1626 676 1765 742 (54).

262 798 500 862 Romae
537 801 601 861 et
638 798 916 861 maxime
952 799 998 881 ἡ·
1035 801 1100 862 et
1126 796 1344 883 Appia
1388 799 1469 862 ad
1503 797 1733 862 Martis
1777 798 1945 862 mira
1978 799 2026 882 †
2060 798 2155 861 lu-
2198 814 2224 863 1

135 886 278 949 vies
342 886 737 970 Crassipedis
773 885 1127 950 ambulatio
1167 887 1399 971 ablata,
1434 887 1631 971 horti,
1676 885 1980 950 tabernae
2016 886 2157 970 plu-

138 975 352 1059 rimae3
409 996 644 1059 magna
688 975 787 1038 vis
833 996 1034 1057 aquae
1080 996 1282 1059 usque
1329 976 1411 1039 ad
1453 975 1767 1059 piscinam
1812 974 2157 1060 publicam.

135 1062 326 1147 Viget
369 1061 534 1125 illud
576 1061 874 1126 Homeri:

221 1199 482 1285 ε’Ήματ’
533 1202 868 1289 ὀπωρινῷ,
916 1204 1022 1268 ὅτε
1069 1206 1481 1289 λαβρότατον
1527 1202 1657 1286 χέει
1702 1204 1888 1288 ὕδωρ

221 1291 413 1373 Ζεύς,
459 1290 567 1354 ὅτε
613 1291 698 1373 δή
742 1289 799 1376 ῤ’
849 1292 1166 1375 ἄνδρεσσι
1210 1292 1690 1376 κοτεσσάμενος
1733 1292 2111 1377 χαλεπήνῃ.’

133 1413 317 1476 Cadit
363 1413 535 1476 enim
579 1412 649 1476 in
695 1411 1168 1478 absolutionem
1218 1413 1479 1478 Gabini:

219 1536 332 1600 ‘02³
372 1539 486 1621 βίῃ
533 1502 638 1600 εἰν
682 1534 891 1622 ἀγορῇ
940 1537 1207 1612 σκολιὰς
1250 1541 1530 1623 κρίνωσι
1576 1536 1925 1621 θέμιστας,

217 1623 286 1687 ἐκ
333 1620 406 1688 δὲ
452 1624 648 1707 δίκην
695 1624 976 1689 ἐλάσωσι
1021 1630 1206 1688 θεῶν
1252 1626 1408 1689 ὄπιν
1455 1625 1579 1690 οὐκ
1625 1625 2013 1708 ἀλέγοντες.’

125 1762 251 1826 Sed
309 1763 468 1827 haec
526 1786 658 1828 non
718 1785 939 1828 curare
1000 1765 1266 1829 decrevi.
1366 1764 1643 1829 Romam
1702 1786 1848 1830 cum
1902 1786 2157 1850 venem,
2194 1782 2226 1829 2

123 1873 286 1935 quae
339 1873 752 1940 perspexero,
799 1853 1076 1916 scribam
1131 1853 1213 1915 ad
1265 1856 1333 1916 te
1388 1857 1451 1915 et
1504 1852 1783 1916 maxime
1838 1854 1915 1916 de
1962 1854 2158 1916 dicta-

119 1944 268 2003 tura
328 1944 394 2004 et
452 1941 532 2003 ad
589 1939 948 2005 Labienum
1008 1944 1074 2005 et
1133 1940 1214 2003 ad
1266 1940 1609 2027 Ligurium
1667 1941 1917 2004 litteras
1974 1940 2156 2004 dabo,

117 2028 306 2091 Hanc
343 2028 572 2113 scripsi
609 2033 757 2093 ante
805 2030 998 2095 breem
1033 2029 1114 2092 ad
1152 2029 1591 2111 lychnuchum
1626 2028 1999 2114 lig-aeolum,
2047 2029 2159 2112 qui

115 2116 283 2180 mihi
321 2120 458 2180 erat
494 2117 946 2202 periucundus,
993 2117 1168 2201 quod
1204 2139 1354 2180 eum
1389 2120 1455 2180 te
1493 2116 1768 2200 aiebant,
1807 2137 1952 2180 cum
1990 2138 2159 2181 esses

118 2202 618 2354 Sami,fcurasse
663 2206 1044 2269 faciendum.
1135 2205 1331 2290 Vale,
1376 2204 1468 2269 mi
1516 2205 1891 2269 suavissime
1937 2209 2005 2269 et
2049 2227 2159 2289 op-

114 2292 277 2355 time
354 2297 544 2359 rater.
1782 2317 1786 2321 ·

1046 2449 1224 2515 VHI.

549 2572 662 2628 Ser.
702 2572 910 2627 Romae
945 2588 1028 2628 ex.
1064 2589 1135 2627 m.
1173 2572 1317 2627 Nov.
1356 2588 1407 2626 ιι.
1448 2575 1561 2627 700
1598 2575 1731 2642 (54).

409 2694 746 2750 MARCUS
783 2695 1086 2766 QUINTO
1125 2695 1445 2750 FRATRI
1474 2694 1881 2751 SALUTEM.

251 2817 593 2903 Superiori
619 2820 926 2904 epistolae
955 2821 1130 2905 quod
1156 2820 1594 2905 respondeam,
1630 2820 1798 2883 nihil
1825 2824 1948 2905 est3
1995 2841 2157 2903 quae
2199 2837 2226 2885 1

117 2908 308 2992 plena
356 2908 673 2972 stomachi
710 2913 775 2972 et
819 2910 1226 2993 querelarum
1273 2912 1387 2991 est,
1435 2929 1562 2991 quo
1610 2908 1679 2971 in
1724 2929 1958 2994 genere
2005 2907 2158 2972 alte-

117 3019 252 3059 ram
304 3010 566 3079 quoque
610 3000 676 3059 te
721 2998 950 3061 scribis
993 2997 1202 3081 pridie
1247 2996 1534 3061 Labieno
1583 2996 1847 3080 dedisse,
1896 2995 2007 3079 qui
2054 2996 2159 3059 ad-

117 3106 239 3147 1116
277 3105 418 3147 11611
446 3087 722 3148 venerat.
796 3084 1054 3149 Delevit
1092 3085 1263 3148 enim
1300 3084 1463 3147 mihi
1503 3106 1757 3149 omnem
1792 3083 2159 3148 molestiam

119 3171 444 3235 recentior
498 3173 807 3256 epistola·
877 3173 1157 3237 Tantum
1211 3175 1277 3236 te
1333 3175 1399 3236 et
1450 3194 1682 3236 moneo
1730 3176 1796 3237 et
1850 3193 2038 3257 rog0,
2084 3175 2159 3235 ut

123 3283 171 3322 n
221 3260 380 3324 istis
433 3262 749 3325 molestiis
805 3264 869 3325 et
921 3261 1254 3325 laboribus
1310 3264 1374 3324 et
1422 3261 1753 3324 desideriis
1807 3260 2158 3344 recordere,

119 3348 462 3412 :onsilium
509 3353 803 3413 nostrum
849 3349 1023 3432 quod
1068 3349 1265 3412 fuerit
1311 3349 1731 3432 profectionis
1775 3352 1940 3413 tuae.
2004 3346 2159 3412 Non

119 3436 284 3500 mim
337 3438 677 3501 commoda
722 3436 1035 3521 quaedam
1081 3435 1509 3521 sequebamur
1556 3460 1755 3521 parva
1800 3458 1873 3501 ac
1916 3436 2158 3500 medio-

119 3526 254 3589 sria.
357 3524 532 3601 Quid
577 3526 750 3591 enim
797 3529 951 3609 erat,
999 3526 1173 3608 quod
1220 3525 1498 3590 discessu
1545 3529 1768 3591 nostro
1816 3525 2157 3590 emendum
