2567 3884
369 192 500 256 524
1119 189 1630 243 EPISTULARUM

369 336 704 419 pecuniam
751 334 1163 418 suppeditari,
1208 331 1552 416 utrumque
1590 336 1653 395 et
1690 332 1771 395 ab
1810 354 1884 396 eo
1923 336 1986 395 et
2022 355 2061 395 a
2092 330 2385 415 Curione,

369 423 606 487 Bibulo
664 423 1015 505 ceterisque
1071 423 1202 485 suis
1258 420 1798 485 obtrectatoribus
1845 422 2241 505 confirmari3
2286 443 2386 485 ve-

367 512 700 575 hementer
735 533 869 574 esse
904 509 1389 594 providendum,
1432 531 1513 572 ne
1550 509 1950 591 opprimatur
1986 508 2389 572 contionario

370 599 484 663 illo
546 600 786 683 populo
846 621 885 661 a
942 620 1008 662 se
1070 620 1270 681 prope
1336 597 1641 680 alienato,
1704 596 2042 660 nobilitate
2107 597 2390 680 inimica,

370 709 502 751 non
539 708 742 771 aequo
786 690 1027 770 senatu,
1073 687 1403 750 iuventute
1449 684 1759 768 improba.
1848 682 2074 767 Itaque
2116 707 2185 749 se
2225 707 2393 749 com·
2440 702 2465 740 5
2559 710 2560 717 “

369 779 585 859 parat,
641 776 935 839 homines
989 796 1068 837 ex
1123 774 1294 859 agris
1340 774 1629 857 accersit3
1689 794 1913 855 operas
1970 776 2189 837 autem
2246 796 2393 836 suas

373 863 635 927 Clodius
672 865 1030 947 confirmat3
1074 884 1302 925 manus
1340 861 1420 925 ad
1456 860 1811 937 Quirinalia
1853 865 2132 944 paratur.
2199 859 2279 924 In
2316 883 2392 924 eo

370 953 576 1015 multo
606 973 825 1015 sumus
853 951 1209 1034 superiores
1245 950 1447 1033 ipsius
1475 949 1701 1035 copiis3
1746 949 1859 1013 sed
1892 971 2127 1035 magna
2162 972 2391 1012 manus

373 1061 451 1103 ex
495 1039 730 1103 Piceno
778 1043 841 1102 et
889 1038 1096 1103 Gallia
1141 1042 1567 1121 exspectatur,
1622 1041 1695 1100 ut
1740 1037 1935 1101 etiam
1981 1036 2248 1101 Catonis
2294 1060 2390 1101 ro-

373 1128 742 1213 gationibus
790 1127 865 1190 de
910 1126 1151 1191 Milone
1197 1130 1261 1189 et
1305 1126 1581 1190 Lentulo
1626 1125 2009 1189 resistamus,
2414 1143 2463 1181 10

506 1214 582 1278 A.
632 1215 687 1278 d.
735 1233 838 1277 1111
891 1214 1043 1278 Idus
1095 1214 1278 1277 Febr.
1330 1213 1573 1277 Sestius
1628 1214 1707 1276 ab
1764 1214 1972 1277 indice
2028 1212 2143 1277 Cn.
2188 1213 2389 1279 Nerio

371 1302 649 1387 Pupinia
693 1305 765 1367 de
810 1302 1057 1365 ambitu
1099 1306 1194 1365 est
1237 1302 1599 1385 postulatus
1644 1305 1708 1364 et
1754 1302 1976 1365 eodem
2024 1302 2125 1365 die
2163 1324 2202 1364 a
2240 1324 2391 1385 quo-

376 1391 520 1454 dam
565 1390 650 1453 M.
698 1390 912 1453 Tullio
960 1390 1036 1453 de
1080 1390 1162 1453 vi.
1252 1390 1317 1454 Is
1364 1394 1498 1453 erat
1544 1411 1748 1475 aeger.
1821 1390 2122 1473 Domum,
2168 1394 2245 1453 ut
2292 1390 2391 1453 de-

372 1478 658 1561 buimuS,
717 1478 798 1541 ad
853 1500 997 1541 eum
1053 1478 1272 1541 statim
1318 1478 1608 1541 venimus
1654 1478 1838 1560 eique
1883 1500 2000 1541 nos
2046 1481 2224 1541 totos
2270 1482 2391 1541 tra-

376 1566 652 1630 didimus
715 1566 908 1649 idque
966 1566 1233 1630 fecimus
1290 1570 1545 1649 praeter
1604 1566 1942 1629 hominum
2002 1566 2390 1649 opinionem,
2417 1582 2465 1621 15

376 1654 486 1737 qui
531 1676 648 1717 nos
695 1654 754 1718 ei
799 1655 938 1718 iure
993 1676 1355 1718 suscensere
1412 1654 1758 1737 putabant,
1816 1658 1889 1717 ut
1939 1654 2391 1717 humanissimi

374 1742 849 1828 gratissimique
914 1746 977 1805 et
1039 1743 1164 1826 ipsi
1228 1746 1292 1806 et
1356 1742 1654 1805 omnibus
1716 1741 2108 1825 videremur,
2176 1743 2392 1825 itaque

373 1831 694 1894 faciemus.
787 1829 912 1894 Sed
969 1830 1138 1894 idem
1195 1829 1433 1894 Nerius
1496 1830 1688 1893 index
1752 1830 1951 1893 edidit
2014 1830 2097 1893 ad
2160 1832 2395 1917 allega-

372 1923 476 1983 tos
523 1918 634 1983 On.
680 1918 1025 1982 Lentulum
1071 1917 1331 1981 Vatiam
1386 1922 1449 1981 et
1506 1916 1573 1981 O.
1622 1916 1989 1981 Cornelium
2039 1919 2087 2001 †
2142 1919 2273 1982 ista
2320 1920 2394 1982 ei.

373 2006 620 2071 Eodem
668 2007 769 2071 die
815 2011 1070 2071 senatus
1106 2007 1470 2069 consultum
1515 2007 1755 2069 factum
1802 2010 1927 2089 est,
1972 2009 2046 2069 ut
2092 2007 2397 2071 sodalita-
2422 2025 2470 2063 20

371 2098 468 2158 tes
507 2095 939 2178 decuriatique
978 2094 1397 2177 discederent,
1442 2095 1672 2178 lexque
1710 2094 1787 2157 de
1832 2094 1913 2156 iis
1957 2094 2259 2179 ferretur,
2306 2100 2396 2179 ut,

373 2183 484 2265 qui
527 2205 658 2246 non
704 2183 1161 2267 discessissent,
1207 2203 1280 2245 ea
1324 2204 1556 2266 poena,
1602 2204 1763 2265 quae
1809 2185 1904 2245 est
1949 2181 2027 2245 de
2071 2182 2165 2267 vi,
2222 2187 2397 2247 tene-

371 2275 609 2335 rentur.

503 2357 580 2422 A.
637 2358 694 2422 d.
753 2377 831 2421 111
886 2356 1039 2422 Idus
1092 2358 1280 2422 Febr.
1344 2358 1478 2421 dixi
1538 2381 1657 2440 pro
1716 2358 1935 2423 Bestia
1998 2358 2075 2421 de
2140 2360 2395 2423 ambitu

373 2446 542 2529 apud
584 2451 944 2529 praetorem
992 2445 1103 2509 Gn.
1141 2445 1503 2510 Domitium
1546 2447 1615 2509 in
1660 2447 1803 2511 foro
1846 2446 2057 2509 medio
2104 2448 2393 2512 maximo
2418 2463 2467 2503 25

373 2538 688 2598 conventu
751 2535 1073 2618 incidique
1137 2535 1204 2597 in
1267 2556 1414 2598 eum
1472 2534 1686 2598 locum
1746 2535 1814 2598 in
1878 2534 2179 2618 dicendO,
2247 2558 2393 2600 cum

374 2621 618 2687 Sestius
671 2623 894 2686 multis
947 2623 1016 2685 in
1071 2622 1314 2705 templo
1364 2621 1646 2685 Castoris
1690 2622 2064 2686 vulneribus
2112 2625 2393 2707 acceptis

371 2711 657 2774 subsidio
694 2710 948 2774 Bestiae
986 2714 1271 2773 servatus
1310 2714 1489 2773 esset.
1562 2708 1691 2773 Hic
1733 2712 2393 2797 προῳκονομησάμην

372 2799 673 2881 quiddam
721 2799 1038 2882 εὐκαίρως
1086 2798 1162 2861 de
1206 2798 1305 2881 iis,
1351 2820 1513 2881 quae
1558 2798 1625 2861 in
1675 2796 1951 2862 Sestium
1996 2798 2390 2881 adparaban-

369 2890 478 2950 tur
522 2887 814 2970 crimina,
870 2890 933 2949 et
987 2908 1133 2949 eum
1179 2887 1403 2949 ornavi
1446 2886 1614 2950 veris
1658 2887 1954 2950 laudibus
1996 2909 2239 2973 magno
2284 2888 2389 2951 ad-
2415 2904 2464 2943 8⁰

370 2997 557 3038 sensu
586 2975 888 3038 omnium.
944 2973 1072 3038 Res
1099 2974 1349 3037 homini
1377 2974 1502 3038 fuit
1529 2974 1937 3038 vehementer
1962 2978 2163 3059 grata.
2212 2975 2389 3051 Quae

368 3062 491 3125 tibi
519 3084 594 3126 eo
624 3063 852 3146 scrib0,
899 3062 1071 3145 quod
1096 3083 1200 3125 me
1229 3062 1305 3126 de
1342 3062 1674 3126 retinenda
1702 3061 1870 3127 Sesti
1905 3063 2116 3149 gratia
2150 3064 2387 3128 litteris

369 3172 553 3233 saepe
597 3151 922 3214 monuisti.

501 3238 717 3302 Pridie
761 3238 914 3302 Idus
949 3238 1133 3302 Febr.
1178 3239 1337 3302 haec
1383 3239 1608 3321 scripsi
1654 3242 1801 3302 ante
1845 3239 2071 3302 lucem.
2136 3238 2237 3303 Eo
2286 3239 2385 3303 die

368 3326 548 3408 apud·
581 3325 1010 3409 Pomponium
1055 3328 1124 3390 in
1169 3326 1306 3389 eius
1352 3327 1595 3411 nuptiis
1641 3349 1814 3390 eram
1852 3330 2206 3391 cenaturus
2275 3325 2385 3391 Ge·
2408 3341 2455 3382 ⁸5

367 3416 504 3476 tera
549 3418 698 3477 sunt
743 3415 812 3477 in
848 3415 1039 3478 rebus
1075 3414 1313 3478 nostris
1355 3415 1549 3478 huius
1594 3416 1787 3499 modi,
1831 3420 1903 3479 ut
1942 3419 2015 3478 tu
2050 3415 2216 3479 mihi
2252 3416 2383 3478 fere

369 3499 684 3564 diffidenti
728 3503 1155 3587 praedicabas,
1200 3502 1391 3586 plena
1428 3503 1761 3589 dignitatis
1797 3508 1860 3567 et
1904 3503 2178 3589 gratiae3
2223 3525 2382 3588 quae
