<?xml version="1.0" encoding="UTF-8"?>
<!DOCTYPE html PUBLIC "-//W3C//DTD XHTML 1.0 Transitional//EN"
    "http://www.w3.org/TR/xhtml1/DTD/xhtml1-transitional.dtd">
<html xmlns="http://www.w3.org/1999/xhtml" xml:lang="en" lang="en">
 <head>
  <title>
</title>
<meta http-equiv="Content-Type" content="text/html;charset=utf-8" />
  <meta name='ocr-system' content='tesseract 3.04.00' />
  <meta name='ocr-capabilities' content='ocr_page ocr_carea ocr_par ocr_line ocrx_word'/>
</head>
<body>
  <div class='ocr_page' id='page_1' title='image "./scriptaquaemans02mlgoog_0619.png"; bbox 0 0 2567 3884; ppageno 0'>
   <div class='ocr_carea' id='block_1_1' title="bbox 605 150 2213 220">
    <p class='ocr_par' dir='ltr' id='par_1_1' title="bbox 605 150 2213 220">
     <span class='ocr_line' id='line_1_1' title="bbox 605 150 2213 220; baseline 0.007 -17"><span class='ocrx_word' id='word_1_1' title='bbox 605 151 702 203; x_wconf 91' lang='lat' dir='ltr'>AD</span> <span class='ocrx_word' id='word_1_2' title='bbox 743 150 982 217; x_wconf 80' lang='lat' dir='ltr'>QUINT.</span> <span class='ocrx_word' id='word_1_3' title='bbox 1019 150 1276 206; x_wconf 85' lang='lat' dir='ltr'><strong>FRATR.</strong></span> <span class='ocrx_word' id='word_1_4' title='bbox 1316 151 1531 204; x_wconf 86' lang='lat' dir='ltr'>LIBER</span> <span class='ocrx_word' id='word_1_5' title='bbox 1566 152 1618 204; x_wconf 88' lang='lat' dir='ltr'>H</span> <span class='ocrx_word' id='word_1_6' title='bbox 1654 158 1712 220; x_wconf 88' lang='lat'>4,</span> <span class='ocrx_word' id='word_1_7' title='bbox 1752 157 1799 207; x_wconf 86' lang='lat'>5.</span> <span class='ocrx_word' id='word_1_8' title='bbox 2086 152 2213 214; x_wconf 76' lang='lat'>527</span> 
     </span>
    </p>
   </div>
   <div class='ocr_carea' id='block_1_2' title="bbox 119 293 2286 2758">
    <p class='ocr_par' dir='ltr' id='par_1_2' title="bbox 119 293 2286 2758">
     <span class='ocr_line' id='line_1_2' title="bbox 198 293 2217 377; baseline 0 -20"><span class='ocrx_word' id='word_1_9' title='bbox 198 293 406 357; x_wconf 86' lang='lat' dir='ltr'>multa</span> <span class='ocrx_word' id='word_1_10' title='bbox 449 294 937 377; x_wconf 88' lang='lat' dir='ltr'>reprehendunt.</span> <span class='ocrx_word' id='word_1_11' title='bbox 1019 294 1429 359; x_wconf 68' lang='lat' dir='ltr'>Marcellinus</span> <span class='ocrx_word' id='word_1_12' title='bbox 1466 298 1679 367; x_wconf 76' lang='lat' dir='ltr'>autem</span> <span class='ocrx_word' id='word_1_13' title='bbox 1722 295 1847 358; x_wconf 90' lang='lat' dir='ltr'>hoc</span> <span class='ocrx_word' id='word_1_14' title='bbox 1890 316 2019 359; x_wconf 91' lang='lat' dir='ltr'>uno</span> <span class='ocrx_word' id='word_1_15' title='bbox 2054 294 2217 358; x_wconf 89' lang='lat' dir='ltr'>mihi</span> 
     </span>
     <span class='ocr_line' id='line_1_3' title="bbox 199 381 2216 469; baseline -0.001 -22"><span class='ocrx_word' id='word_1_16' title='bbox 199 381 461 465; x_wconf 89' lang='lat' dir='ltr'>quidem</span> <span class='ocrx_word' id='word_1_17' title='bbox 505 404 636 446; x_wconf 90' lang='lat' dir='ltr'>non</span> <span class='ocrx_word' id='word_1_18' title='bbox 673 382 826 446; x_wconf 87' lang='lat' dir='ltr'>satis</span> <span class='ocrx_word' id='word_1_19' title='bbox 863 383 1034 466; x_wconf 83' lang='lat' dir='ltr'>facit,</span> <span class='ocrx_word' id='word_1_20' title='bbox 1081 382 1254 466; x_wconf 88' lang='lat' dir='ltr'>quod</span> <span class='ocrx_word' id='word_1_21' title='bbox 1281 405 1427 446; x_wconf 90' lang='lat' dir='ltr'>eum</span> <span class='ocrx_word' id='word_1_22' title='bbox 1472 383 1665 446; x_wconf 89' lang='lat' dir='ltr'>nimis</span> <span class='ocrx_word' id='word_1_23' title='bbox 1693 404 1913 466; x_wconf 81' lang='lat' dir='ltr'>aspere</span> <span class='ocrx_word' id='word_1_24' title='bbox 1958 386 2216 469; x_wconf 85' lang='lat' dir='ltr'>tractat3</span> 
     </span>
     <span class='ocr_line' id='line_1_4' title="bbox 200 470 2217 556; baseline 0.001 -24"><span class='ocrx_word' id='word_1_25' title='bbox 200 492 588 553; x_wconf 89' lang='lat' dir='ltr'>quamquam</span> <span class='ocrx_word' id='word_1_26' title='bbox 645 470 714 533; x_wconf 90' lang='lat' dir='ltr'>id</span> <span class='ocrx_word' id='word_1_27' title='bbox 771 475 994 535; x_wconf 87' lang='lat' dir='ltr'>senatu</span> <span class='ocrx_word' id='word_1_28' title='bbox 1054 492 1185 534; x_wconf 88' lang='lat' dir='ltr'>non</span> <span class='ocrx_word' id='word_1_29' title='bbox 1241 471 1449 535; x_wconf 87' lang='lat' dir='ltr'>invito</span> <span class='ocrx_word' id='word_1_30' title='bbox 1507 471 1687 555; x_wconf 84' lang='lat' dir='ltr'>facit3</span> <span class='ocrx_word' id='word_1_31' title='bbox 1748 492 1875 554; x_wconf 91' lang='lat' dir='ltr'>quo</span> <span class='ocrx_word' id='word_1_32' title='bbox 1935 478 2055 556; x_wconf 86' lang='lat' dir='ltr'>ego</span> <span class='ocrx_word' id='word_1_33' title='bbox 2113 493 2217 534; x_wconf 91' lang='lat' dir='ltr'>me</span> 
     </span>
     <span class='ocr_line' id='line_1_5' title="bbox 195 558 2216 642; baseline 0 -21"><span class='ocrx_word' id='word_1_34' title='bbox 195 558 527 623; x_wconf 89' lang='lat' dir='ltr'>lubentius</span> <span class='ocrx_word' id='word_1_35' title='bbox 581 581 618 621; x_wconf 93' lang='lat' dir='ltr'>a</span> <span class='ocrx_word' id='word_1_36' title='bbox 663 559 839 622; x_wconf 89' lang='lat' dir='ltr'>curia</span> <span class='ocrx_word' id='word_1_37' title='bbox 883 563 947 623; x_wconf 90' lang='lat' dir='ltr'>et</span> <span class='ocrx_word' id='word_1_38' title='bbox 993 560 1072 626; x_wconf 85' lang='lat' dir='ltr'>ab</span> <span class='ocrx_word' id='word_1_39' title='bbox 1130 559 1306 623; x_wconf 90' lang='lat' dir='ltr'>omni</span> <span class='ocrx_word' id='word_1_40' title='bbox 1358 563 1539 642; x_wconf 86' lang='lat' dir='ltr'>parte</span> <span class='ocrx_word' id='word_1_41' title='bbox 1585 559 1677 622; x_wconf 92' lang='lat' dir='ltr'>rei</span> <span class='ocrx_word' id='word_1_42' title='bbox 1731 558 2024 642; x_wconf 89' lang='lat' dir='ltr'>publicae</span> <span class='ocrx_word' id='word_1_43' title='bbox 2072 559 2216 622; x_wconf 89' lang='lat' dir='ltr'>sub-</span> 
     </span>
     <span class='ocr_line' id='line_1_6' title="bbox 142 646 404 710; baseline 0 -1"><span class='ocrx_word' id='word_1_44' title='bbox 142 662 170 703; x_wconf 83' lang='lat'><strong>5</strong></span> <span class='ocrx_word' id='word_1_45' title='bbox 197 646 404 710; x_wconf 66' lang='lat' dir='ltr'>traho</span> 
     </span>
     <span class='ocr_line' id='line_1_7' title="bbox 331 732 2285 821; baseline 0.002 -24"><span class='ocrx_word' id='word_1_46' title='bbox 331 732 410 797; x_wconf 92' lang='lat' dir='ltr'>In</span> <span class='ocrx_word' id='word_1_47' title='bbox 455 734 708 797; x_wconf 87' lang='lat' dir='ltr'>iudiciis</span> <span class='ocrx_word' id='word_1_48' title='bbox 753 734 801 797; x_wconf 90' lang='lat' dir='ltr'>ii</span> <span class='ocrx_word' id='word_1_49' title='bbox 847 756 1084 819; x_wconf 78' lang='lat' dir='ltr'>sumuS,</span> <span class='ocrx_word' id='word_1_50' title='bbox 1130 735 1241 817; x_wconf 88' lang='lat' dir='ltr'>qui</span> <span class='ocrx_word' id='word_1_51' title='bbox 1286 735 1552 821; x_wconf 85' lang='lat' dir='ltr'>fuimus3</span> <span class='ocrx_word' id='word_1_52' title='bbox 1599 734 1825 798; x_wconf 87' lang='lat' dir='ltr'>domus</span> <span class='ocrx_word' id='word_1_53' title='bbox 1861 734 2217 798; x_wconf 88' lang='lat' dir='ltr'>celebratur</span> <span class='ocrx_word' id='word_1_54' title='bbox 2253 753 2285 801; x_wconf 82' lang='lat'>6</span> 
     </span>
     <span class='ocr_line' id='line_1_8' title="bbox 198 822 2217 905; baseline 0 -20"><span class='ocrx_word' id='word_1_55' title='bbox 198 822 293 885; x_wconf 87' lang='lat' dir='ltr'>ita</span> <span class='ocrx_word' id='word_1_56' title='bbox 336 826 409 886; x_wconf 89' lang='lat' dir='ltr'>ut</span> <span class='ocrx_word' id='word_1_57' title='bbox 457 843 600 885; x_wconf 91' lang='lat' dir='ltr'>cum</span> <span class='ocrx_word' id='word_1_58' title='bbox 645 823 936 886; x_wconf 81' lang='lat' dir='ltr'><strong>maxime.</strong></span> <span class='ocrx_word' id='word_1_59' title='bbox 1026 822 1245 888; x_wconf 88' lang='lat' dir='ltr'>Unum</span> <span class='ocrx_word' id='word_1_60' title='bbox 1292 823 1521 886; x_wconf 89' lang='lat' dir='ltr'>accidit</span> <span class='ocrx_word' id='word_1_61' title='bbox 1566 822 1996 905; x_wconf 86' lang='lat' dir='ltr'>imprudentia</span> <span class='ocrx_word' id='word_1_62' title='bbox 2030 822 2217 886; x_wconf 83' lang='lat' dir='ltr'>Milo·</span> 
     </span>
     <span class='ocr_line' id='line_1_9' title="bbox 198 909 2217 995; baseline 0 -22"><span class='ocrx_word' id='word_1_63' title='bbox 198 910 302 973; x_wconf 90' lang='lat' dir='ltr'>nis</span> <span class='ocrx_word' id='word_1_64' title='bbox 345 909 747 974; x_wconf 90' lang='lat' dir='ltr'>incommode</span> <span class='ocrx_word' id='word_1_65' title='bbox 785 911 860 973; x_wconf 90' lang='lat' dir='ltr'>de</span> <span class='ocrx_word' id='word_1_66' title='bbox 899 910 1093 974; x_wconf 84' lang='lat' dir='ltr'>Sexto</span> <span class='ocrx_word' id='word_1_67' title='bbox 1135 910 1379 995; x_wconf 73' lang='lat' dir='ltr'>Clodio,</span> <span class='ocrx_word' id='word_1_68' title='bbox 1426 932 1616 995; x_wconf 91' lang='lat' dir='ltr'>quem</span> <span class='ocrx_word' id='word_1_69' title='bbox 1651 932 1855 993; x_wconf 89' lang='lat' dir='ltr'>neque</span> <span class='ocrx_word' id='word_1_70' title='bbox 1899 911 2025 974; x_wconf 93' lang='grc'>1100</span> <span class='ocrx_word' id='word_1_71' title='bbox 2060 914 2217 974; x_wconf 88' lang='lat' dir='ltr'>tem-</span> 
     </span>
     <span class='ocr_line' id='line_1_10' title="bbox 198 998 2216 1082; baseline -0 -20"><span class='ocrx_word' id='word_1_72' title='bbox 198 1020 357 1081; x_wconf 84' lang='lat' dir='ltr'>pore</span> <span class='ocrx_word' id='word_1_73' title='bbox 412 1020 621 1082; x_wconf 89' lang='lat' dir='ltr'>neque</span> <span class='ocrx_word' id='word_1_74' title='bbox 680 999 760 1062; x_wconf 90' lang='lat' dir='ltr'>ab</span> <span class='ocrx_word' id='word_1_75' title='bbox 820 998 1159 1063; x_wconf 84' lang='lat' dir='ltr'>imbecillis</span> <span class='ocrx_word' id='word_1_76' title='bbox 1219 999 1693 1064; x_wconf 87' lang='lat' dir='ltr'>accusatoribus</span> <span class='ocrx_word' id='word_1_77' title='bbox 1750 999 1912 1062; x_wconf 91' lang='lat' dir='ltr'>mihi</span> <span class='ocrx_word' id='word_1_78' title='bbox 1973 999 2216 1082; x_wconf 75' lang='lat' dir='ltr'>placuit</span> 
     </span>
     <span class='ocr_line' id='line_1_11' title="bbox 119 1086 2217 1151; baseline 0.001 -4"><span class='ocrx_word' id='word_1_79' title='bbox 119 1106 172 1143; x_wconf 88' lang='lat'>10</span> <span class='ocrx_word' id='word_1_80' title='bbox 200 1087 497 1150; x_wconf 88' lang='lat' dir='ltr'>accusari.</span> <span class='ocrx_word' id='word_1_81' title='bbox 589 1086 672 1149; x_wconf 89' lang='lat' dir='ltr'>Ei</span> <span class='ocrx_word' id='word_1_82' title='bbox 716 1090 848 1150; x_wconf 89' lang='lat' dir='ltr'>tres</span> <span class='ocrx_word' id='word_1_83' title='bbox 892 1087 1241 1151; x_wconf 86' lang='lat' dir='ltr'>sententiae</span> <span class='ocrx_word' id='word_1_84' title='bbox 1290 1087 1633 1151; x_wconf 90' lang='lat' dir='ltr'>deterrimo</span> <span class='ocrx_word' id='word_1_85' title='bbox 1688 1088 1756 1150; x_wconf 93' lang='lat' dir='ltr'>in</span> <span class='ocrx_word' id='word_1_86' title='bbox 1801 1087 2067 1151; x_wconf 79' lang='lat' dir='ltr'>consilio</span> <span class='ocrx_word' id='word_1_87' title='bbox 2116 1087 2217 1150; x_wconf 91' lang='lat' dir='ltr'>de-</span> 
     </span>
     <span class='ocr_line' id='line_1_12' title="bbox 200 1172 2219 1261; baseline -0 -23"><span class='ocrx_word' id='word_1_88' title='bbox 200 1175 477 1239; x_wconf 85' lang='lat' dir='ltr'>fuerunt.</span> <span class='ocrx_word' id='word_1_89' title='bbox 566 1172 792 1259; x_wconf 86' lang='lat' dir='ltr'>Itaque</span> <span class='ocrx_word' id='word_1_90' title='bbox 844 1175 1173 1239; x_wconf 89' lang='lat' dir='ltr'>hominem</span> <span class='ocrx_word' id='word_1_91' title='bbox 1228 1176 1507 1261; x_wconf 88' lang='lat' dir='ltr'>populus</span> <span class='ocrx_word' id='word_1_92' title='bbox 1561 1178 1842 1258; x_wconf 83' lang='lat' dir='ltr'>revocat,</span> <span class='ocrx_word' id='word_1_93' title='bbox 1902 1178 1966 1238; x_wconf 91' lang='lat' dir='ltr'>et</span> <span class='ocrx_word' id='word_1_94' title='bbox 2020 1178 2219 1238; x_wconf 84' lang='lat' dir='ltr'>retra-</span> 
     </span>
     <span class='ocr_line' id='line_1_13' title="bbox 199 1263 2217 1347; baseline 0 -22"><span class='ocrx_word' id='word_1_95' title='bbox 199 1263 396 1326; x_wconf 88' lang='lat' dir='ltr'>hatur</span> <span class='ocrx_word' id='word_1_96' title='bbox 439 1284 690 1327; x_wconf 86' lang='lat' dir='ltr'>necesse</span> <span class='ocrx_word' id='word_1_97' title='bbox 736 1266 858 1347; x_wconf 85' lang='lat' dir='ltr'>est3</span> <span class='ocrx_word' id='word_1_98' title='bbox 915 1284 1046 1327; x_wconf 90' lang='lat' dir='ltr'>non</span> <span class='ocrx_word' id='word_1_99' title='bbox 1092 1264 1262 1327; x_wconf 90' lang='lat' dir='ltr'>enim</span> <span class='ocrx_word' id='word_1_100' title='bbox 1309 1264 1523 1328; x_wconf 86' lang='lat' dir='ltr'>ferunt</span> <span class='ocrx_word' id='word_1_101' title='bbox 1566 1263 1860 1327; x_wconf 89' lang='lat' dir='ltr'>homines</span> <span class='ocrx_word' id='word_1_102' title='bbox 1905 1267 1993 1347; x_wconf 89' lang='lat' dir='ltr'>et,</span> <span class='ocrx_word' id='word_1_103' title='bbox 2051 1263 2217 1346; x_wconf 90' lang='lat' dir='ltr'>quia,</span> 
     </span>
     <span class='ocr_line' id='line_1_14' title="bbox 201 1351 2218 1436; baseline 0 -21"><span class='ocrx_word' id='word_1_104' title='bbox 201 1372 349 1415; x_wconf 89' lang='lat' dir='ltr'>cum</span> <span class='ocrx_word' id='word_1_105' title='bbox 413 1351 582 1434; x_wconf 91' lang='lat' dir='ltr'>apud</span> <span class='ocrx_word' id='word_1_106' title='bbox 634 1373 782 1414; x_wconf 89' lang='lat' dir='ltr'>suos</span> <span class='ocrx_word' id='word_1_107' title='bbox 837 1351 1104 1436; x_wconf 90' lang='lat' dir='ltr'>diceret,</span> <span class='ocrx_word' id='word_1_108' title='bbox 1165 1374 1367 1436; x_wconf 89' lang='lat' dir='ltr'>paene</span> <span class='ocrx_word' id='word_1_109' title='bbox 1422 1352 1755 1417; x_wconf 88' lang='lat' dir='ltr'>damnatus</span> <span class='ocrx_word' id='word_1_110' title='bbox 1810 1353 1935 1434; x_wconf 88' lang='lat' dir='ltr'>est,</span> <span class='ocrx_word' id='word_1_111' title='bbox 1998 1351 2218 1415; x_wconf 86' lang='lat' dir='ltr'>vident</span> 
     </span>
     <span class='ocr_line' id='line_1_15' title="bbox 203 1438 2219 1524; baseline 0 -22"><span class='ocrx_word' id='word_1_112' title='bbox 203 1440 589 1503; x_wconf 88' lang='lat' dir='ltr'>damnatum.</span> <span class='ocrx_word' id='word_1_113' title='bbox 681 1438 778 1502; x_wconf 89' lang='lat' dir='ltr'>Ea</span> <span class='ocrx_word' id='word_1_114' title='bbox 830 1440 969 1523; x_wconf 89' lang='lat' dir='ltr'>ipsa</span> <span class='ocrx_word' id='word_1_115' title='bbox 1013 1440 1082 1502; x_wconf 89' lang='lat' dir='ltr'>in</span> <span class='ocrx_word' id='word_1_116' title='bbox 1135 1462 1204 1503; x_wconf 92' lang='lat' dir='ltr'>re</span> <span class='ocrx_word' id='word_1_117' title='bbox 1248 1438 1517 1524; x_wconf 80' lang='lat' dir='ltr'>Pompei</span> <span class='ocrx_word' id='word_1_118' title='bbox 1563 1439 1829 1503; x_wconf 86' lang='lat' dir='ltr'>offensio</span> <span class='ocrx_word' id='word_1_119' title='bbox 1873 1439 2061 1503; x_wconf 90' lang='lat' dir='ltr'>nobis</span> <span class='ocrx_word' id='word_1_120' title='bbox 2109 1439 2219 1502; x_wconf 89' lang='lat' dir='ltr'>ob-</span> 
     </span>
     <span class='ocr_line' id='line_1_16' title="bbox 120 1525 2217 1611; baseline 0.002 -27"><span class='ocrx_word' id='word_1_121' title='bbox 120 1544 172 1585; x_wconf 89' lang='lat'>15</span> <span class='ocrx_word' id='word_1_122' title='bbox 202 1527 388 1591; x_wconf 88' lang='lat' dir='ltr'>stitit.</span> <span class='ocrx_word' id='word_1_123' title='bbox 461 1525 842 1591; x_wconf 76' lang='lat' dir='ltr'>Senatorum</span> <span class='ocrx_word' id='word_1_124' title='bbox 879 1528 1050 1591; x_wconf 88' lang='lat' dir='ltr'>enim</span> <span class='ocrx_word' id='word_1_125' title='bbox 1085 1549 1248 1590; x_wconf 91' lang='lat' dir='ltr'>urna</span> <span class='ocrx_word' id='word_1_126' title='bbox 1292 1528 1545 1611; x_wconf 87' lang='lat' dir='ltr'>copiose</span> <span class='ocrx_word' id='word_1_127' title='bbox 1590 1528 1883 1611; x_wconf 84' lang='lat' dir='ltr'>absolvit,</span> <span class='ocrx_word' id='word_1_128' title='bbox 1929 1528 2217 1610; x_wconf 90' lang='lat' dir='ltr'>equitum</span> 
     </span>
     <span class='ocr_line' id='line_1_17' title="bbox 202 1614 2219 1699; baseline -0.001 -20"><span class='ocrx_word' id='word_1_129' title='bbox 202 1616 598 1699; x_wconf 83' lang='lat' dir='ltr'>adaequavit,</span> <span class='ocrx_word' id='word_1_130' title='bbox 643 1615 890 1679; x_wconf 89' lang='lat' dir='ltr'>tribuni</span> <span class='ocrx_word' id='word_1_131' title='bbox 936 1616 1162 1679; x_wconf 87' lang='lat' dir='ltr'>aerarii</span> <span class='ocrx_word' id='word_1_132' title='bbox 1209 1616 1727 1679; x_wconf 87' lang='lat' dir='ltr'>condemnarunt.</span> <span class='ocrx_word' id='word_1_133' title='bbox 1789 1614 1915 1679; x_wconf 85' lang='lat' dir='ltr'>Sed</span> <span class='ocrx_word' id='word_1_134' title='bbox 1955 1616 2081 1679; x_wconf 91' lang='lat' dir='ltr'>hoc</span> <span class='ocrx_word' id='word_1_135' title='bbox 2126 1616 2219 1677; x_wconf 85' lang='lat' dir='ltr'>in-</span> 
     </span>
     <span class='ocr_line' id='line_1_18' title="bbox 202 1704 2267 1772; baseline 0.002 -5"><span class='ocrx_word' id='word_1_136' title='bbox 202 1704 610 1767; x_wconf 88' lang='lat' dir='ltr'>commodum</span> <span class='ocrx_word' id='word_1_137' title='bbox 655 1704 1066 1767; x_wconf 74' lang='lat' dir='ltr'>consolantur</span> <span class='ocrx_word' id='word_1_138' title='bbox 1111 1704 1465 1767; x_wconf 76' lang='lat' dir='ltr'>cotidianae</span> <span class='ocrx_word' id='word_1_139' title='bbox 1522 1704 1958 1769; x_wconf 73' lang='lat' dir='ltr'>damnationes</span> <span class='ocrx_word' id='word_1_140' title='bbox 2008 1704 2218 1766; x_wconf 88' lang='lat' dir='ltr'>inimi-</span> <span class='ocrx_word' id='word_1_141' title='bbox 2258 1764 2267 1772; x_wconf 88' lang='lat'>.</span> 
     </span>
     <span class='ocr_line' id='line_1_19' title="bbox 201 1790 2218 1877; baseline -0.001 -22"><span class='ocrx_word' id='word_1_142' title='bbox 201 1813 452 1877; x_wconf 87' lang='lat' dir='ltr'>corum,</span> <span class='ocrx_word' id='word_1_143' title='bbox 514 1792 583 1855; x_wconf 91' lang='lat' dir='ltr'>in</span> <span class='ocrx_word' id='word_1_144' title='bbox 648 1792 882 1875; x_wconf 88' lang='lat' dir='ltr'>quibus</span> <span class='ocrx_word' id='word_1_145' title='bbox 943 1814 1046 1855; x_wconf 92' lang='lat' dir='ltr'>me</span> <span class='ocrx_word' id='word_1_146' title='bbox 1108 1792 1486 1875; x_wconf 85' lang='lat' dir='ltr'>perlubente</span> <span class='ocrx_word' id='word_1_147' title='bbox 1542 1790 1765 1855; x_wconf 83' lang='lat' dir='ltr'>Sevius</span> <span class='ocrx_word' id='word_1_148' title='bbox 1812 1791 2049 1854; x_wconf 89' lang='lat' dir='ltr'>adlisus</span> <span class='ocrx_word' id='word_1_149' title='bbox 2104 1795 2218 1874; x_wconf 90' lang='lat' dir='ltr'>est,</span> 
     </span>
     <span class='ocr_line' id='line_1_20' title="bbox 202 1878 2219 1945; baseline -0.001 -2"><span class='ocrx_word' id='word_1_150' title='bbox 202 1880 398 1945; x_wconf 87' lang='lat' dir='ltr'>ceteri</span> <span class='ocrx_word' id='word_1_151' title='bbox 457 1880 894 1944; x_wconf 88' lang='lat' dir='ltr'>conciduntur.</span> <span class='ocrx_word' id='word_1_152' title='bbox 987 1879 1052 1944; x_wconf 83' lang='lat' dir='ltr'>G.</span> <span class='ocrx_word' id='word_1_153' title='bbox 1110 1878 1268 1943; x_wconf 84' lang='lat' dir='ltr'>Cato</span> <span class='ocrx_word' id='word_1_154' title='bbox 1331 1879 1735 1943; x_wconf 87' lang='lat' dir='ltr'>contionatus</span> <span class='ocrx_word' id='word_1_155' title='bbox 1798 1882 1895 1942; x_wconf 90' lang='lat' dir='ltr'>est</span> <span class='ocrx_word' id='word_1_156' title='bbox 1958 1878 2219 1941; x_wconf 89' lang='lat' dir='ltr'>comitia</span> 
     </span>
     <span class='ocr_line' id='line_1_21' title="bbox 119 1966 2219 2051; baseline -0.001 -20"><span class='ocrx_word' id='word_1_157' title='bbox 119 1986 172 2025; x_wconf 81' lang='lat'>20</span> <span class='ocrx_word' id='word_1_158' title='bbox 198 1968 427 2032; x_wconf 87' lang='lat' dir='ltr'>haberi</span> <span class='ocrx_word' id='word_1_159' title='bbox 484 1990 615 2032; x_wconf 91' lang='lat' dir='ltr'>non</span> <span class='ocrx_word' id='word_1_160' title='bbox 669 1968 943 2031; x_wconf 91' lang='lat' dir='ltr'>siturum</span> <span class='ocrx_word' id='word_1_161' title='bbox 957 2019 974 2051; x_wconf 87' lang='lat'>,</span> <span class='ocrx_word' id='word_1_162' title='bbox 1035 1968 1089 2031; x_wconf 87' lang='lat' dir='ltr'>si</span> <span class='ocrx_word' id='word_1_163' title='bbox 1143 1967 1268 2030; x_wconf 90' lang='grc'>81111</span> <span class='ocrx_word' id='word_1_164' title='bbox 1326 1989 1468 2031; x_wconf 92' lang='grc'>011111</span> <span class='ocrx_word' id='word_1_165' title='bbox 1521 1967 1763 2050; x_wconf 91' lang='lat' dir='ltr'>populo</span> <span class='ocrx_word' id='word_1_166' title='bbox 1810 1966 1942 2029; x_wconf 89' lang='lat' dir='ltr'>dies</span> <span class='ocrx_word' id='word_1_167' title='bbox 1988 1966 2219 2051; x_wconf 84' lang='lat' dir='ltr'>agendi</span> 
     </span>
     <span class='ocr_line' id='line_1_22' title="bbox 203 2053 2127 2140; baseline -0.001 -21"><span class='ocrx_word' id='word_1_168' title='bbox 203 2060 414 2120; x_wconf 80' lang='lat' dir='ltr'>essent</span> <span class='ocrx_word' id='word_1_169' title='bbox 451 2055 746 2140; x_wconf 82' lang='lat' dir='ltr'>exempti.</span> <span class='ocrx_word' id='word_1_170' title='bbox 835 2054 1086 2139; x_wconf 89' lang='lat' dir='ltr'>Appius</span> <span class='ocrx_word' id='word_1_171' title='bbox 1123 2078 1160 2118; x_wconf 90' lang='lat' dir='ltr'>a</span> <span class='ocrx_word' id='word_1_172' title='bbox 1199 2053 1463 2119; x_wconf 85' lang='lat' dir='ltr'>Caesare</span> <span class='ocrx_word' id='word_1_173' title='bbox 1506 2055 1793 2119; x_wconf 91' lang='lat' dir='ltr'>nondum</span> <span class='ocrx_word' id='word_1_174' title='bbox 1838 2054 2127 2118; x_wconf 86' lang='lat' dir='ltr'>redierat.</span> 
     </span>
     <span class='ocr_line' id='line_1_23' title="bbox 336 2142 2286 2229; baseline 0.001 -22"><span class='ocrx_word' id='word_1_175' title='bbox 336 2143 506 2207; x_wconf 83' lang='lat' dir='ltr'>Tuas</span> <span class='ocrx_word' id='word_1_176' title='bbox 540 2144 809 2208; x_wconf 90' lang='lat' dir='ltr'>mirifice</span> <span class='ocrx_word' id='word_1_177' title='bbox 844 2144 1092 2207; x_wconf 85' lang='lat' dir='ltr'>litteras</span> <span class='ocrx_word' id='word_1_178' title='bbox 1119 2148 1445 2229; x_wconf 83' lang='lat' dir='ltr'>exspecto3</span> <span class='ocrx_word' id='word_1_179' title='bbox 1482 2147 1672 2226; x_wconf 89' lang='lat' dir='ltr'>atque</span> <span class='ocrx_word' id='word_1_180' title='bbox 1700 2143 1907 2207; x_wconf 82' lang='lat' dir='ltr'>adhuc</span> <span class='ocrx_word' id='word_1_181' title='bbox 1934 2142 2217 2207; x_wconf 88' lang='lat' dir='ltr'>clausum</span> <span class='ocrx_word' id='word_1_182' title='bbox 2258 2160 2286 2208; x_wconf 80' lang='lat'>7</span> 
     </span>
     <span class='ocr_line' id='line_1_24' title="bbox 201 2229 2219 2316; baseline -0.001 -21"><span class='ocrx_word' id='word_1_183' title='bbox 201 2254 379 2295; x_wconf 90' lang='lat' dir='ltr'>mare</span> <span class='ocrx_word' id='word_1_184' title='bbox 443 2232 637 2296; x_wconf 86' lang='lat' dir='ltr'>fuisse</span> <span class='ocrx_word' id='word_1_185' title='bbox 702 2232 832 2295; x_wconf 91' lang='grc'>8010</span> <span class='ocrx_word' id='word_1_186' title='bbox 841 2284 858 2316; x_wconf 89' lang='lat'>,</span> <span class='ocrx_word' id='word_1_187' title='bbox 924 2232 1034 2295; x_wconf 88' lang='lat' dir='ltr'>sed</span> <span class='ocrx_word' id='word_1_188' title='bbox 1097 2232 1406 2315; x_wconf 88' lang='lat' dir='ltr'>quosdam</span> <span class='ocrx_word' id='word_1_189' title='bbox 1460 2232 1706 2296; x_wconf 86' lang='lat' dir='ltr'>venisse</span> <span class='ocrx_word' id='word_1_190' title='bbox 1760 2234 1977 2295; x_wconf 86' lang='lat' dir='ltr'>tamen</span> <span class='ocrx_word' id='word_1_191' title='bbox 2030 2229 2219 2295; x_wconf 79' lang='lat' dir='ltr'>Olbia</span> 
     </span>
     <span class='ocr_line' id='line_1_25' title="bbox 203 2319 2220 2405; baseline 0 -22"><span class='ocrx_word' id='word_1_192' title='bbox 203 2320 530 2405; x_wconf 86' lang='lat' dir='ltr'>dicebant,</span> <span class='ocrx_word' id='word_1_193' title='bbox 591 2321 702 2404; x_wconf 90' lang='lat' dir='ltr'>qui</span> <span class='ocrx_word' id='word_1_194' title='bbox 758 2325 824 2384; x_wconf 93' lang='lat' dir='ltr'>te</span> <span class='ocrx_word' id='word_1_195' title='bbox 878 2321 1062 2385; x_wconf 90' lang='lat' dir='ltr'>unice</span> <span class='ocrx_word' id='word_1_196' title='bbox 1119 2320 1454 2383; x_wconf 88' lang='lat' dir='ltr'>laudarent</span> <span class='ocrx_word' id='word_1_197' title='bbox 1506 2319 1895 2403; x_wconf 88' lang='lat' dir='ltr'>plurimique</span> <span class='ocrx_word' id='word_1_198' title='bbox 1949 2319 2019 2383; x_wconf 90' lang='lat' dir='ltr'>in</span> <span class='ocrx_word' id='word_1_199' title='bbox 2074 2341 2220 2404; x_wconf 92' lang='lat' dir='ltr'>pro-</span> 
     </span>
     <span class='ocr_line' id='line_1_26' title="bbox 121 2408 2221 2491; baseline 0 -20"><span class='ocrx_word' id='word_1_200' title='bbox 121 2424 174 2464; x_wconf 74' lang='lat'>25</span> <span class='ocrx_word' id='word_1_201' title='bbox 200 2408 414 2472; x_wconf 81' lang='lat' dir='ltr'>vincia</span> <span class='ocrx_word' id='word_1_202' title='bbox 457 2410 598 2472; x_wconf 89' lang='lat' dir='ltr'>fieri</span> <span class='ocrx_word' id='word_1_203' title='bbox 645 2410 941 2472; x_wconf 87' lang='lat' dir='ltr'>dicerent.</span> <span class='ocrx_word' id='word_1_204' title='bbox 1032 2408 1310 2472; x_wconf 87' lang='lat' dir='ltr'>Eosdem</span> <span class='ocrx_word' id='word_1_205' title='bbox 1358 2408 1611 2472; x_wconf 89' lang='lat' dir='ltr'>aiebant</span> <span class='ocrx_word' id='word_1_206' title='bbox 1652 2409 1951 2471; x_wconf 87' lang='lat' dir='ltr'>nuntiare</span> <span class='ocrx_word' id='word_1_207' title='bbox 1992 2411 2057 2470; x_wconf 90' lang='lat' dir='ltr'>te</span> <span class='ocrx_word' id='word_1_208' title='bbox 2091 2408 2221 2491; x_wconf 89' lang='lat' dir='ltr'>pri-</span> 
     </span>
     <span class='ocr_line' id='line_1_27' title="bbox 199 2495 2221 2583; baseline -0.001 -22"><span class='ocrx_word' id='word_1_209' title='bbox 199 2519 310 2561; x_wconf 88' lang='lat' dir='ltr'>ma</span> <span class='ocrx_word' id='word_1_210' title='bbox 365 2497 774 2583; x_wconf 84' lang='lat' dir='ltr'>navigatione</span> <span class='ocrx_word' id='word_1_211' title='bbox 832 2498 1372 2561; x_wconf 87' lang='lat' dir='ltr'>transmissurum.</span> <span class='ocrx_word' id='word_1_212' title='bbox 1460 2495 1538 2559; x_wconf 91' lang='lat' dir='ltr'>Id</span> <span class='ocrx_word' id='word_1_213' title='bbox 1596 2497 1783 2580; x_wconf 91' lang='lat' dir='ltr'>cupio</span> <span class='ocrx_word' id='word_1_214' title='bbox 1844 2500 1937 2579; x_wconf 89' lang='lat' dir='ltr'>et,</span> <span class='ocrx_word' id='word_1_215' title='bbox 2003 2516 2221 2578; x_wconf 89' lang='lat' dir='ltr'>quam-</span> 
     </span>
     <span class='ocr_line' id='line_1_28' title="bbox 202 2584 2219 2669; baseline -0.001 -20"><span class='ocrx_word' id='word_1_216' title='bbox 202 2607 398 2669; x_wconf 92' lang='lat' dir='ltr'>quam</span> <span class='ocrx_word' id='word_1_217' title='bbox 450 2589 516 2649; x_wconf 89' lang='lat' dir='ltr'>te</span> <span class='ocrx_word' id='word_1_218' title='bbox 570 2586 782 2669; x_wconf 92' lang='lat' dir='ltr'>ipsum</span> <span class='ocrx_word' id='word_1_219' title='bbox 827 2585 1067 2649; x_wconf 87' lang='lat' dir='ltr'>scilicet</span> <span class='ocrx_word' id='word_1_220' title='bbox 1111 2585 1416 2669; x_wconf 82' lang='lat' dir='ltr'>maxime,</span> <span class='ocrx_word' id='word_1_221' title='bbox 1473 2588 1690 2648; x_wconf 91' lang='lat' dir='ltr'>tamen</span> <span class='ocrx_word' id='word_1_222' title='bbox 1735 2584 1928 2648; x_wconf 89' lang='lat' dir='ltr'>etiam</span> <span class='ocrx_word' id='word_1_223' title='bbox 1971 2584 2219 2649; x_wconf 85' lang='lat' dir='ltr'>litteras</span> 
     </span>
     <span class='ocr_line' id='line_1_29' title="bbox 200 2672 1556 2758; baseline -0.001 -21"><span class='ocrx_word' id='word_1_224' title='bbox 200 2678 348 2737; x_wconf 88' lang='lat' dir='ltr'>tuas</span> <span class='ocrx_word' id='word_1_225' title='bbox 395 2677 540 2737; x_wconf 88' lang='lat' dir='ltr'>ante</span> <span class='ocrx_word' id='word_1_226' title='bbox 588 2677 901 2758; x_wconf 64' lang='lat' dir='ltr'>exspecto</span> <span class='ocrx_word' id='word_1_227' title='bbox 990 2672 1085 2737; x_wconf 89' lang='lat' dir='ltr'>Mi</span> <span class='ocrx_word' id='word_1_228' title='bbox 1130 2673 1355 2757; x_wconf 79' lang='lat' dir='ltr'>frater,</span> <span class='ocrx_word' id='word_1_229' title='bbox 1400 2672 1556 2737; x_wconf 83' lang='lat' dir='ltr'>vale.</span> 
     </span>
    </p>
   </div>
   <div class='ocr_carea' id='block_1_3' title="bbox 117 2900 2067 3094">
    <p class='ocr_par' dir='ltr' id='par_1_3' title="bbox 117 2900 2067 3094">
     <span class='ocr_line' id='line_1_30' title="bbox 1173 2900 1252 2965; baseline 0 0"><span class='ocrx_word' id='word_1_230' title='bbox 1173 2900 1252 2965; x_wconf 91' lang='lat' dir='ltr'>V.</span> 
     </span>
     <span class='ocr_line' id='line_1_31' title="bbox 117 2980 2067 3094; baseline -0.006 -11"><span class='ocrx_word' id='word_1_231' title='bbox 117 2980 171 3083; x_wconf 72' lang='grc'>30</span> <span class='ocrx_word' id='word_1_232' title='bbox 355 3022 468 3078; x_wconf 76' lang='lat' dir='ltr'>Ser.</span> <span class='ocrx_word' id='word_1_233' title='bbox 507 3026 571 3077; x_wconf 77' lang='lat' dir='ltr'>in</span> <span class='ocrx_word' id='word_1_234' title='bbox 606 3023 907 3094; x_wconf 75' lang='lat' dir='ltr'>Amynino</span> <span class='ocrx_word' id='word_1_235' title='bbox 943 3041 995 3077; x_wconf 84' lang='lat' dir='ltr'>a.</span> <span class='ocrx_word' id='word_1_236' title='bbox 1033 3025 1084 3077; x_wconf 86' lang='lat' dir='ltr'>d.</span> <span class='ocrx_word' id='word_1_237' title='bbox 1135 3022 1226 3077; x_wconf 89' lang='lat' dir='ltr'>VI</span> <span class='ocrx_word' id='word_1_238' title='bbox 1249 3021 1390 3075; x_wconf 77' lang='lat' dir='ltr'>Idus</span> <span class='ocrx_word' id='word_1_239' title='bbox 1424 3020 1647 3089; x_wconf 77' lang='lat' dir='ltr'>Apriles</span> <span class='ocrx_word' id='word_1_240' title='bbox 1681 3037 1733 3074; x_wconf 85' lang='lat' dir='ltr'>a.</span> <span class='ocrx_word' id='word_1_241' title='bbox 1774 3022 1887 3073; x_wconf 84' lang='lat'>698</span> <span class='ocrx_word' id='word_1_242' title='bbox 1930 3021 2067 3087; x_wconf 89' lang='grc'><strong><em>(56).</em></strong></span> 
     </span>
    </p>
   </div>
   <div class='ocr_carea' id='block_1_4' title="bbox 334 3141 2288 3371">
    <p class='ocr_par' dir='ltr' id='par_1_4' title="bbox 334 3141 2288 3371">
     <span class='ocr_line' id='line_1_32' title="bbox 557 3141 1866 3209; baseline -0.002 -12"><span class='ocrx_word' id='word_1_243' title='bbox 557 3144 848 3199; x_wconf 81' lang='lat' dir='ltr'><strong>MARCUS</strong></span> <span class='ocrx_word' id='word_1_244' title='bbox 887 3144 1160 3209; x_wconf 83' lang='lat' dir='ltr'>QUINTO</span> <span class='ocrx_word' id='word_1_245' title='bbox 1206 3142 1477 3197; x_wconf 85' lang='lat' dir='ltr'><strong>FRATRI</strong></span> <span class='ocrx_word' id='word_1_246' title='bbox 1514 3141 1866 3197; x_wconf 82' lang='lat' dir='ltr'><strong>SALUTEM.</strong></span> 
     </span>
     <span class='ocr_line' id='line_1_33' title="bbox 334 3284 2288 3371; baseline -0.002 -20"><span class='ocrx_word' id='word_1_247' title='bbox 334 3288 652 3351; x_wconf 85' lang='lat' dir='ltr'>Dederam</span> <span class='ocrx_word' id='word_1_248' title='bbox 697 3289 779 3353; x_wconf 84' lang='lat' dir='ltr'>ad</span> <span class='ocrx_word' id='word_1_249' title='bbox 822 3292 886 3351; x_wconf 91' lang='lat' dir='ltr'>te</span> <span class='ocrx_word' id='word_1_250' title='bbox 930 3289 1179 3353; x_wconf 87' lang='lat' dir='ltr'>litteras</span> <span class='ocrx_word' id='word_1_251' title='bbox 1216 3292 1419 3371; x_wconf 86' lang='lat' dir='ltr'>antea,</span> <span class='ocrx_word' id='word_1_252' title='bbox 1468 3287 1701 3370; x_wconf 90' lang='lat' dir='ltr'>quibus</span> <span class='ocrx_word' id='word_1_253' title='bbox 1738 3289 1874 3350; x_wconf 90' lang='lat' dir='ltr'>erat</span> <span class='ocrx_word' id='word_1_254' title='bbox 1910 3284 2221 3368; x_wconf 85' lang='lat' dir='ltr'>scriptum</span> <span class='ocrx_word' id='word_1_255' title='bbox 2261 3301 2288 3347; x_wconf 92' lang='lat'>1</span> 
     </span>
    </p>
   </div>
   <div class='ocr_carea' id='block_1_5' title="bbox 199 3374 2221 3548">
    <p class='ocr_par' dir='ltr' id='par_1_5' title="bbox 199 3374 2221 3548">
     <span class='ocr_line' id='line_1_34' title="bbox 199 3374 2221 3460; baseline -0.003 -19"><span class='ocrx_word' id='word_1_256' title='bbox 199 3377 482 3441; x_wconf 86' lang='lat' dir='ltr'>Tulliam</span> <span class='ocrx_word' id='word_1_257' title='bbox 508 3380 796 3441; x_wconf 88' lang='lat' dir='ltr'>nostram</span> <span class='ocrx_word' id='word_1_258' title='bbox 825 3375 1185 3460; x_wconf 82' lang='lat' dir='ltr'>Crassipedi</span> <span class='ocrx_word' id='word_1_259' title='bbox 1221 3399 1315 3459; x_wconf 90' lang='lat' dir='ltr'>pr.</span> <span class='ocrx_word' id='word_1_260' title='bbox 1347 3377 1510 3441; x_wconf 77' lang='lat' dir='ltr'>Non.</span> <span class='ocrx_word' id='word_1_261' title='bbox 1540 3374 1743 3459; x_wconf 88' lang='lat' dir='ltr'>April.</span> <span class='ocrx_word' id='word_1_262' title='bbox 1782 3395 1918 3438; x_wconf 86' lang='grc'>6886</span> <span class='ocrx_word' id='word_1_263' title='bbox 1956 3374 2221 3455; x_wconf 89' lang='lat' dir='ltr'>despon-</span> 
     </span>
     <span class='ocr_line' id='line_1_35' title="bbox 199 3462 2221 3548; baseline -0.003 -18"><span class='ocrx_word' id='word_1_264' title='bbox 199 3488 356 3548; x_wconf 86' lang='lat' dir='ltr'>sam,</span> <span class='ocrx_word' id='word_1_265' title='bbox 403 3467 736 3548; x_wconf 86' lang='lat' dir='ltr'>ceteraque</span> <span class='ocrx_word' id='word_1_266' title='bbox 773 3465 848 3528; x_wconf 89' lang='lat' dir='ltr'>de</span> <span class='ocrx_word' id='word_1_267' title='bbox 885 3487 954 3529; x_wconf 92' lang='lat' dir='ltr'>re</span> <span class='ocrx_word' id='word_1_268' title='bbox 988 3464 1248 3548; x_wconf 86' lang='lat' dir='ltr'>publica</span> <span class='ocrx_word' id='word_1_269' title='bbox 1293 3465 1668 3548; x_wconf 84' lang='lat' dir='ltr'>privataque</span> <span class='ocrx_word' id='word_1_270' title='bbox 1713 3462 2221 3548; x_wconf 85' lang='lat' dir='ltr'>perscripseram.</span> 
     </span>
    </p>
   </div>
  </div>
 </body>
</html>
