2567 3884
926 187 1144 243 LIBER,
1179 189 1258 242 XI
1295 195 1389 258 20,
1428 196 1514 245 21
2105 191 2234 254 321

203 329 312 415 iis,
361 331 472 415 qui
519 332 836 396 exercitus
880 332 1221 417 haberent,
1281 333 1667 396 sententiam
1721 333 1879 397 ferri
1926 338 2241 418 oportere,

203 419 376 483 idem
414 420 529 504 illi,
577 420 689 503 qui
725 420 952 504 solent,
999 420 1455 506 reclamarunt3
1502 422 1721 505 itaque
1759 423 2010 506 excepti
2046 422 2242 487 etiam

205 507 359 572 estis
413 529 517 572 me
561 508 974 572 vehementer
1028 512 1445 594 repugnante.
1538 508 1851 585 Quocirca
1905 508 2241 596 Segulium

203 595 647 682 neglegamuS,
703 596 817 680 qui
872 618 973 660 res
1027 618 1226 660 novas
1281 597 1560 684 quaerit,
1606 619 1738 661 non
1785 619 1912 681 quo
1959 602 2243 663 veterem

151 703 178 744 5
206 684 556 748 comederit
610 681 886 770 (nullam
941 683 1114 748 enim
1157 683 1446 771 habuit),
1505 685 1619 749 sed
1661 686 1829 749 hanc
1887 687 2093 770 ipsam
2148 708 2243 750 re-

207 775 456 836 centem
490 794 726 836 novam
765 772 1112 836 devoravit.
1187 772 1376 848 Quod
1412 777 1627 837 autem
1672 772 1901 838 scribis
1937 778 2020 859 te,
2067 774 2242 859 quod

203 882 325 944 pro
371 864 436 924 te
482 861 623 944 ipso
677 882 810 924 non
864 861 1086 945 faciae,
1145 860 1214 923 id
1256 883 1377 944 pro
1423 883 1552 946 me,
1607 866 1681 925 ut
1737 862 1814 926 de
1859 884 1963 926 me
2008 862 2237 926 timeas

205 948 470 1033 aliquid,
517 948 694 1012 omni
738 953 822 1033 te,
867 949 969 1013 vir
1015 949 1256 1032 optime
1303 949 1593 1033 mihique
1631 950 1974 1035 carissime,
2019 950 2240 1036 Brute,

208 1037 286 1100 de
339 1058 444 1100 me
497 1039 675 1100 metu
726 1037 963 1122 liber03
1023 1058 1144 1123 ego
1199 1038 1399 1122 enim,
1461 1059 1624 1121 quae
1680 1038 2010 1122 provideri
2061 1041 2243 1124 pote-

124 1147 178 1186 ιο
207 1129 378 1209 runt,
423 1146 554 1189 non
599 1125 788 1189 fallar
833 1125 901 1187 in
946 1125 1044 1209 iis,
1093 1146 1255 1208 quae
1302 1126 1666 1189 cautionem
1711 1148 1844 1190 non
1888 1127 2241 1211 habebunt,

208 1214 286 1277 de
350 1213 430 1277 iis
492 1234 625 1277 non
688 1213 781 1276 ita
842 1213 1028 1276 valde
1090 1213 1334 1277 labor0.
1446 1212 1584 1278 Sim
1648 1215 1821 1278 enim
1886 1215 2242 1300 impudenS,
2328 1261 2337 1268 -

207 1301 264 1366 si
307 1301 455 1385 plus
499 1301 852 1386 postulem,
897 1323 1092 1384 quam
1135 1301 1388 1365 homini
1424 1323 1463 1365 a
1498 1323 1714 1366 rerum
1759 1306 1991 1366 natura
2036 1302 2242 1367 tribui

206 1393 440 1474 potest.
487 1457 492 1462 ,

343 1477 531 1554 Quod
573 1476 738 1540 mihi
782 1477 1115 1562 praecipist,
1160 1482 1234 1541 ut
1271 1499 1546 1563 caveam,
1591 1500 1671 1542 ne
1708 1478 1996 1542 timendo
2032 1478 2243 1565 magis

126 1587 180 1628 15
209 1567 438 1630 timere
484 1587 695 1651 cogar,
742 1569 806 1629 et
853 1565 1175 1648 sapienter
1210 1570 1275 1630 et
1313 1566 1695 1630 amicissime
1740 1567 2084 1652 praecipis3
2130 1567 2245 1631 sed

209 1654 404 1718 velim
458 1655 584 1718 tibi
638 1654 1050 1738 persuadeas,
1119 1676 1265 1718 cum
1323 1657 1390 1718 te
1444 1658 1694 1719 constet
1754 1656 2064 1720 excellere
2118 1655 2245 1718 hoc

210 1763 444 1829 genere
506 1742 798 1827 virtutis,
861 1745 937 1805 ut
997 1763 1352 1826 numquam
1417 1742 1823 1828 extimescas,
1889 1764 2245 1827 numquam

207 1830 622 1914 perturbere,
685 1851 790 1893 me
851 1828 1005 1894 huic
1066 1834 1215 1894 tuae
1277 1830 1509 1894 virtuti
1569 1831 1865 1915 proxime
1928 1831 2243 1895 accedere.

212 1918 419 1995 Quam
466 1918 550 1982 ob
596 1939 734 1982 rem
779 1939 898 1982 nec
950 1922 1170 1982 metuo
1218 1919 1563 2002 quicquam
1610 1922 1676 1983 et
1721 1919 1960 1984 cavebo
2009 1919 2243 1983 omnia.

125 2029 182 2069 20
212 2006 340 2072 Sed
383 2007 556 2091 vide,
609 2028 691 2070 ne
737 2010 850 2070 tua
894 2007 1050 2091 iam,
1104 2007 1196 2071 mi
1240 2006 1469 2091 Brute,
1525 2007 1712 2091 culpa
1764 2009 1986 2071 futura
2030 2006 2142 2092 sit,
2188 2007 2245 2071 si

210 2117 331 2181 ego
370 2095 715 2179 quicquam
760 2094 1040 2158 timeam
1115 2095 1270 2158 Tuis
1318 2094 1491 2158 enim
1537 2096 1769 2180 opibus
1807 2099 1871 2160 et
1909 2095 2245 2160 consulatu

210 2188 352 2268 tu0,
412 2183 665 2247 etiamsi
718 2182 934 2246 timidi
989 2204 1301 2269 essemus,
1359 2188 1575 2247 tamen
1632 2205 1888 2247 omnem
1942 2182 2245 2248 timorem

211 2271 632 2355 abiceremus,
684 2270 1066 2370 praesertim
1110 2292 1256 2335 cum
1308 2293 1685 2372 persuasum
1733 2272 2033 2336 omnibus
2078 2275 2245 2336 esset

211 2359 502 2442 mihique
546 2359 824 2422 maxime
871 2381 910 2422 a
953 2363 1020 2422 te
1064 2381 1182 2423 nos
1228 2361 1416 2423 unice
1463 2358 1665 2446 diligi.

130 2467 185 2508 25
349 2446 651 2511 Consiliis
695 2447 851 2531 tuis,
908 2469 1070 2530 quae
1124 2448 1354 2512 scribis
1401 2448 1477 2512 de
1525 2452 1832 2532 quattuor
1875 2447 2245 2535 legionibus

215 2536 419 2619 deque
483 2534 656 2620 agris
719 2534 1148 2621 adsignandis
1194 2536 1275 2600 ab
1341 2539 1617 2620 utroque
1680 2539 1992 2622 vestrum,
2059 2535 2247 2600 vehe-

211 2628 463 2688 menter
521 2622 860 2687 adsentior.
964 2623 1226 2708 Itaque,
1301 2645 1448 2687 cum
1512 2625 1775 2708 quidam
1840 2625 1917 2688 de
1980 2624 2248 2710 collegis

210 2711 452 2777 nostris
489 2711 810 2796 agrariam
837 2712 1234 2776 curationem
1269 2712 1667 2798 ligurrirent,
1715 2712 2072 2776 disturbavi
2111 2732 2247 2775 rem

211 2803 546 2883 totamque
599 2798 791 2862 nobis
844 2798 1166 2885 integram
1224 2801 1562 2864 reservavi.
1657 2799 1728 2865 Si
1775 2800 1932 2884 quid
1977 2799 2103 2864 erit
2147 2820 2248 2863 oc-

128 2908 184 2948 so
212 2889 448 2952 cultius
503 2890 592 2971 et,
639 2890 714 2950 ut
757 2887 1010 2972 scribiS,
1068 2888 1563 2972 ‘reconditumss
1618 2911 1911 2952 meorum
1967 2887 2248 2972 aliquem

210 2976 498 3060 mittam,
560 2995 689 3059 quo
748 2974 1002 3040 fidelius
1061 2976 1143 3040 ad
1195 2981 1260 3040 te
1318 2977 1575 3040 litterae
1627 2977 2052 3061 perferantur
2141 2975 2249 3040 Ρ1

209 3064 380 3130 Non.
425 3063 564 3129 Iun

323 3592 557 3633 Ciceronis
588 3591 719 3640 epist.
759 3591 797 3632 Ι.
1854 3596 1919 3645 21
