2567 3884
619 196 719 249 AD
759 193 998 260 QUINT.
1037 194 1296 249 FRATR.
1335 195 1552 248 LIBER
1588 195 1669 248 HI
1704 200 1861 249 4—6.
2133 194 2264 259 555

229 362 305 403 ea
357 339 569 403 visum
627 339 712 402 iri
769 340 920 403 ficta
978 360 1139 423 esse3
1201 342 1531 401 oratorum
1592 359 1951 401 sermonem
2006 338 2075 401 in
2132 337 2263 402 illis

230 427 469 491 nostris
526 426 738 510 libris,
795 426 969 510 quod
1021 430 1188 491 esset
1243 427 1322 489 de
1375 426 1625 490 ratione
1674 426 1953 510 dicendi,
2011 424 2179 490 belle
2226 448 2265 490 a

230 537 335 578 me
380 516 752 598 removisse,
807 515 890 577 ad
943 536 1050 578 eos
1105 519 1323 578 tamen
1370 514 1719 598 rettulisse,
1781 536 1943 597 quos
1988 514 2126 596 ipse
2171 515 2265 577 vi-

233 604 494 687 dissem3
549 602 968 667 Aristotelem
1030 603 1334 686 denique,
1398 624 1560 685 quae
1621 602 1698 665 de
1758 624 1825 665 re
1883 602 2143 685 publica
2198 605 2263 665 et

173 710 201 749 5
229 692 582 775 praestanti
635 692 777 755 viro
833 691 1097 775 scribat,
1155 691 1370 773 ipsum
1427 690 1625 773 loqui.
1719 689 2086 754 Commovit
2139 711 2261 773 me,

231 783 297 843 et
357 800 432 843 eo
491 780 728 865 magiS,
789 780 962 862 quod
1018 779 1335 841 maximos
1392 782 1609 842 motus
1667 782 1925 842 nostrae
1980 778 2261 842 civitatis

232 867 552 953 attingere
613 888 745 930 non
805 870 1126 951 poteram,
1192 867 1368 950 quod
1427 870 1609 931 erant
1670 866 2008 930 inferiores
2067 887 2261 949 quam

232 956 495 1019 illorum
541 959 713 1019 aetas
726 1006 745 1039 ,
791 955 903 1037 qui
947 955 1393 1038 loquebantur.
1484 954 1629 1041 Ego
1676 958 1892 1018 autem
1937 954 2006 1017 id
2048 954 2261 1037 ipsum

232 1048 374 1107 tum
437 1065 612 1106 eram
675 1046 959 1126 secutus,
1023 1065 1104 1106 ne
1165 1044 1235 1106 in
1301 1046 1523 1107 nostra
1581 1048 1873 1127 tempora
1928 1042 2261 1105 incurrens

148 1153 204 1191 ιο
234 1131 624 1196 offenderem
678 1131 1060 1214 quempiam.
1150 1130 1343 1195 Nunc
1398 1135 1463 1194 et
1515 1132 1584 1194 id
1637 1129 1857 1205 vitabo
1913 1134 1979 1194 et
2032 1131 2261 1214 loquar

233 1221 370 1304 ipse
415 1223 629 1283 tecum
675 1223 739 1282 et
784 1222 1000 1283 tamen
1044 1219 1183 1304 illa,
1240 1241 1402 1303 quae
1446 1219 1878 1303 institueram,
1934 1218 2016 1281 ad
2058 1222 2149 1303 te,
2205 1219 2260 1281 si

231 1308 508 1372 Romam
553 1329 805 1391 venem,
849 1308 1146 1371 mittam·
1213 1306 1384 1371 Puto
1422 1308 1595 1371 enim
1640 1310 1705 1371 te
1742 1307 2260 1371 existimaturum

233 1420 271 1459 a
315 1418 419 1459 me
465 1396 614 1459 illos
665 1396 869 1459 libros
922 1417 1054 1459 non
1109 1396 1245 1459 sine
1292 1396 1510 1479 aliquo
1556 1417 1701 1459 meo
1746 1394 2078 1459 stomacho
2125 1416 2261 1458 esse

233 1485 509 1548 relictos.

153 1590 206 1630 15
370 1572 656 1636 Caesaris
701 1593 934 1654 amore,
981 1593 1171 1654 quem
1217 1570 1299 1633 ad
1342 1592 1447 1634 me
1489 1570 1879 1654 perscripsit,
1926 1570 2111 1633 unice
2158 1569 2260 1632 de-

232 1662 462 1745 lector3
506 1660 839 1744 promissis
885 1660 993 1743 iis,
1039 1681 1201 1742 quae
1247 1659 1545 1743 ostendit,
1590 1680 1722 1722 non
1767 1658 1951 1721 valde
1995 1657 2260 1741 pendeo.

232 1748 372 1813 Nec
417 1749 567 1812 sitio
612 1749 890 1812 honores
933 1768 1052 1810 nec
1089 1746 1379 1810 desidero
1423 1746 1700 1832 gloriam
1744 1746 2078 1831 magisque
2126 1745 2261 1808 eius

234 1837 587 1900 voluntatis
657 1836 1155 1920 perpetuitatem
1220 1856 1415 1917 quam
1484 1834 1951 1917 promissorum
2016 1833 2262 1897 exitum

235 1928 562 2009 exspecto3
606 1925 756 1988 vivo
784 1928 1001 1988 tamen
1029 1923 1097 1986 in
1125 1945 1199 1986 ea
1228 1922 1581 1985 ambitione
1610 1925 1675 1985 et
1701 1921 1941 2005 labore,
1986 1922 2032 2004 ἡ·
2069 1942 2262 2003 quam

154 2032 208 2071 20
235 2014 320 2096 id,
367 2013 543 2096 quod
584 2034 716 2076 non
759 2012 1048 2095 postulo,
1096 2013 1473 2094 exspectem.
1566 2008 1755 2084 Quod
1796 2030 1899 2072 me
1948 2009 2023 2071 de
2069 2008 2263 2071 versi-

233 2101 358 2165 bus
411 2101 718 2164 faciendis
773 2122 988 2186 rogas,
1042 2098 1420 2162 incredibile
1465 2100 1588 2181 est,
1641 2097 1733 2161 mi
1788 2098 2013 2181 frater,
2070 2118 2263 2179 quam

236 2210 460 2275 egeam
513 2192 828 2272 tempore,
881 2209 1000 2251 nec
1054 2208 1204 2251 sane
1259 2186 1415 2249 satis
1461 2206 1869 2249 commoveor
1922 2185 2137 2248 animo
2184 2185 2267 2247 ad

235 2300 328 2361 ea,
375 2298 537 2360 quae
582 2277 697 2360 vis,
744 2275 1040 2339 canenda.
1130 2274 1594 2349 Διατυπώσεις
1629 2294 1782 2337 vero
1830 2273 1911 2336 ad
1955 2295 2055 2357 ea,
2102 2294 2264 2356 quae

235 2366 373 2448 ipse
419 2386 540 2451 ego
585 2386 667 2428 ne
713 2363 1055 2450 cogitando
1103 2363 1363 2446 quidem
1409 2383 1781 2446 consequor,
1826 2365 1900 2425 tu
1910 2412 1928 2445 ,
1976 2361 2087 2445 qui
2135 2382 2266 2424 om-

156 2471 208 2511 25
235 2475 348 2517 nes
403 2452 529 2516 isto
585 2452 924 2535 eloquendi
980 2455 1044 2516 et
1100 2450 1500 2535 exprimendi
1552 2472 1787 2537 genere
1832 2449 2173 2533 superasti,
2230 2471 2267 2510 a

236 2563 341 2604 me
398 2541 608 2624 petis?
678 2540 980 2605 Facerem
1025 2543 1267 2623 tamen,
1326 2543 1400 2601 ut
1453 2560 1735 2623 possem,
1791 2538 1927 2621 sed,
1983 2535 2157 2620 quod
2201 2538 2266 2599 te

235 2629 502 2693 minime
557 2629 754 2713 fugit,
809 2650 968 2712 opus
1024 2631 1121 2691 est
1165 2628 1247 2690 ad
1300 2632 1529 2710 poema
1575 2627 1852 2710 quadam
1898 2624 2097 2687 animi
2142 2622 2267 2685 ala-

238 2718 464 2781 oritate
473 2767 491 2800 ,
547 2738 740 2799 quam
792 2717 980 2800 plane
1035 2715 1198 2779 mihi
1251 2719 1547 2798 tempora
1604 2714 1903 2797 eripiunt.
1992 2711 2267 2775 Abduco

237 2827 340 2868 me
387 2804 683 2888 equidem
730 2804 810 2868 ab
859 2805 1035 2868 omni
1081 2804 1174 2867 rei
1218 2803 1516 2887 publicae
1562 2823 1713 2865 cura
1761 2800 2049 2883 dedoque
2097 2799 2269 2862 litte-

159 2913 211 2951 30
239 2894 355 2976 ris,
410 2893 521 2956 sed
574 2896 791 2955 tamen
837 2892 1134 2955 indicabo
1180 2891 1331 2975 tibi,
1392 2890 1565 2973 quod
1619 2888 1981 2953 mehercule
2027 2887 2095 2950 in
2140 2886 2269 2970 pri-

238 2982 362 3044 mis
398 2985 462 3044 te
501 2981 775 3044 celatum
812 2980 1122 3043 volebam.
1203 2977 1450 3064 Angor,
1496 2978 1587 3041 mi
1632 2976 2007 3040 suavissime
2052 2976 2269 3058 frater,

238 3091 444 3155 angor
504 3069 748 3131 nullam
809 3089 943 3131 esse
998 3090 1133 3131 rem
1197 3067 1551 3150 publicam,
1610 3065 1789 3128 nulla
1842 3062 2104 3147 iudicia,
2158 3083 2271 3125 no-

238 3161 570 3239 strumque
614 3156 740 3220 hoc
784 3159 1037 3238 tempus
1083 3156 1339 3239 aetatis,
1396 3153 1571 3237 quod
1614 3154 1683 3216 in
1729 3152 1843 3215 illa
1888 3150 2270 3215 auctoritate

236 3243 558 3309 senatoria
601 3245 831 3308 florere
869 3243 1160 3327 debebat,
1207 3246 1317 3306 aut
1353 3241 1594 3305 forensi
1640 3241 1861 3304 labore
1898 3240 2123 3303 iactari
2160 3242 2272 3302 aut

157 3351 210 3391 35
240 3331 606 3396 domesticis
650 3332 888 3396 litteris
935 3332 1297 3415 sustentari,
1344 3329 1507 3394 illud
1550 3351 1721 3413 ver0,
1770 3328 1945 3412 quod
1989 3350 2027 3391 a
2070 3349 2271 3411 puero

239 3421 621 3505 adamaram,

338 3509 632 3573 εΠολλὸν
679 3506 1055 3592 ἀριστεύειν
1091 3504 1202 3571 καὶ
1247 3506 1608 3590 ὑπείροχον
1648 3509 1918 3590 ἔμμεναι
1958 3504 2228 3587 &aa-mast,
