2567 3884
293 3273 324 3321 6

360 207 498 271 284
1116 206 1631 261 EPISTULARUM

358 351 637 415 fideliter
679 348 843 414 mihi
887 354 1137 434 pateret
1181 352 1323 414 iter.
1406 349 1687 434 Lepidus
1735 349 2067 433 desperato
2112 348 2394 413 adventu

357 461 522 524 meO,
567 461 759 523 quem
802 460 935 502 non
979 439 1391 503 mediocriter
1434 438 1750 522 captabat,
1798 461 1865 502 se
1911 459 2059 502 cum
2101 437 2393 501 Antonio

360 528 695 592 coniunxit
732 549 786 590 a.
818 526 874 590 d.
903 545 1010 590 1111
1047 527 1126 591 K.
1163 526 1322 611 Iun.,
1370 527 1720 610 eodemque
1768 527 1870 590 die
1916 527 1999 589 ad
2041 548 2147 590 me
2182 530 2394 589 castra

356 619 714 680 moverunt.
813 613 1072 701 Viginti
1116 615 1325 678 millia
1367 636 1673 698 passuum
1718 635 1865 678 cum
1910 614 2231 698 abessent,
2291 635 2395 678 res

356 704 521 768 mihi
555 703 855 767 nuntiata
891 707 1006 767 est.
1095 702 1262 767 Dedi
1311 725 1588 787 operam,
1636 703 1827 766 deum
1870 702 2273 788 benignitate
2318 706 2393 765 ut
2446 720 2470 760 5

358 795 423 856 et
470 791 763 856 celeriter
806 813 910 855 me
955 791 1323 875 reciperem,
1370 795 1433 855 et
1477 791 1586 854 hic
1632 791 1943 854 discessus
1987 791 2155 854 nihil
2198 791 2393 876 fugae

358 880 568 943 simile
611 880 905 964 haberet,
949 901 1082 943 non
1125 880 1313 943 miles
1360 879 1549 964 ullus,
1593 900 1727 942 non
1772 900 1964 963 eques
1977 930 1995 963 ,
2039 900 2171 942 non
2219 878 2395 962 quic-

358 989 552 1051 quam
596 967 1206 1051 impedimentorum
1251 968 1657 1031 amitteretur
1702 970 1813 1030 aut
1850 967 1931 1030 ab
1968 967 2099 1030 illis
2145 968 2393 1031 ferven-

357 1056 535 1120 tibus
592 1055 956 1120 latronibus
1013 1055 1521 1139 interciperetur.
1620 1054 1850 1139 Itaque
1906 1055 2115 1138 pridie
2166 1054 2393 1120 Nonas

357 1142 576 1207 Iunias
645 1143 854 1207 omnis
917 1143 1134 1227 copias
1195 1142 1441 1207 Isaram
1502 1143 1727 1207 traieci
1788 1144 2165 1228 pontisque,
2230 1163 2393 1227 quos
2421 1165 2469 1203 ιο

358 1232 659 1315 feceram,
714 1231 1060 1316 interrupi,
1114 1235 1187 1294 ut
1234 1232 1515 1315 spatium
1561 1231 1643 1295 ad
1688 1231 2122 1317 colligendum
2168 1252 2237 1294 se
2279 1231 2393 1294 ho-

357 1320 564 1383 mines
617 1319 955 1403 haberent,
1011 1323 1076 1383 et
1131 1341 1252 1405 ego
1307 1341 1413 1384 me
1466 1319 1711 1383 interea
1758 1340 1904 1383 cum
1951 1319 2197 1405 collega
2246 1340 2393 1383 con-

358 1407 719 1493 iungerem3
775 1429 966 1490 quem
1018 1407 1264 1492 tridu0,
1325 1430 1471 1472 cum
1515 1407 1633 1471 has
1682 1407 1912 1471 dabam
1955 1407 2234 1491 litteras,
2290 1429 2393 1470 ex-

358 1494 712 1578 pectabam.

492 1582 857 1646 Laterensis
910 1583 1118 1646 nostri
1173 1586 1238 1647 et
1292 1583 1487 1647 fidem
1543 1586 1607 1646 et
1666 1583 1953 1646 animum
2000 1582 2391 1669 singularem
2420 1603 2469 1641 15

359 1669 428 1733 in
473 1692 542 1734 re
586 1694 647 1754 p.
705 1692 954 1754 semper
1008 1671 1288 1756 fatebor3
1348 1672 1460 1735 sed
1515 1674 1683 1735 certe
1737 1671 1939 1734 nimia
1993 1671 2130 1734 eius
2184 1671 2391 1734 indul-

358 1759 580 1844 gentia
623 1759 692 1821 in
736 1758 1053 1842 Lepidum
1098 1759 1181 1822 ad
1222 1759 1382 1823 haec
1423 1759 1709 1842 pericula
1751 1758 2194 1841 perspicienda
2238 1759 2392 1823 fecit

361 1869 508 1910 eum
553 1847 766 1910 minus
813 1868 1120 1932 sagacem.
1213 1846 1339 1923 Qui
1377 1846 1637 1930 quidem
1683 1868 1828 1910 cum
1873 1847 1943 1910 in
1986 1847 2280 1911 fraudem
2326 1869 2391 1910 se

362 1935 706 1999 deductum
750 1934 1023 2018 videret,
1082 1957 1311 1998 manus
1319 1986 1337 2019 ,
1385 1957 1542 2018 quas
1588 1935 1820 1998 iustius
1865 1934 1935 1998 in
1979 1934 2207 2019 Lepidi
2254 1957 2393 2019 per-

360 2024 595 2087 niciem
640 2025 966 2106 armasset,
1012 2023 1139 2086 sibi
1185 2023 1433 2086 adferre
1480 2027 1745 2086 conatus
1792 2026 1914 2108 est3
1959 2023 2029 2086 in
2074 2045 2203 2107 quo
2244 2045 2391 2087 casu
2419 2042 2467 2080 20

359 2115 577 2176 tamen
621 2111 1068 2194 interpellatus
1115 2114 1179 2175 et
1225 2111 1435 2174 adhuc
1476 2111 1641 2174 vivit
1688 2115 1752 2174 et
1800 2111 2036 2174 dicitur
2071 2112 2391 2196 victurus3

361 2199 474 2263 sed
528 2203 745 2263 tamen
807 2198 883 2263 de
940 2199 1066 2263 hoc
1122 2221 1353 2282 parum
1410 2199 1575 2262 mihi
1633 2203 1879 2263 certum
1938 2202 2049 2263 est.
2150 2199 2391 2286 Magno

363 2308 510 2350 cum
569 2286 790 2351 dolore
846 2286 1313 2370 parricidarum
1368 2286 1621 2370 elapsus
1676 2308 1819 2351 sum
1872 2287 1985 2372 iis3
2047 2288 2393 2352 veniebant

362 2375 534 2438 enim
581 2374 805 2439 eodem
849 2375 1067 2439 furore
1104 2375 1173 2438 in
1208 2396 1313 2438 me
1359 2396 1487 2458 quo
1525 2375 1595 2438 in
1629 2375 1908 2458 patriam
1952 2375 2225 2460 incitati,
2270 2375 2391 2440 ira-

363 2462 626 2526 cundias
671 2466 886 2527 autem
939 2463 1172 2526 harum
1225 2485 1442 2527 rerum
1487 2464 1762 2526 recentis
1804 2463 2157 2548 habebant,
2218 2464 2392 2548 quod
2418 2481 2465 2521 25
2552 2497 2554 2534 3

357 2549 678 2634 Lepidum
722 2551 1035 2637 castigare
1078 2572 1210 2614 non
1258 2551 1646 2635 destiteram,
1691 2555 1765 2615 ut
1811 2551 2218 2637 extingueret
2263 2553 2393 2616 bel-
2552 2549 2554 2578 ³

358 2639 540 2723 lum„
562 2639 736 2722 quod
779 2639 1122 2723 conloquia
1173 2640 1345 2702 facta
1396 2637 1870 2724 improbabam,
1926 2640 2102 2723 quod
2142 2640 2393 2726 legatos

361 2728 488 2791 fide
522 2725 753 2810 Lepidi
798 2727 1030 2791 missos
1077 2727 1159 2790 ad
1202 2749 1307 2791 me
1352 2727 1420 2790 in
1467 2731 1881 2811 conspectum
1917 2727 2135 2791 venire
2179 2732 2393 2792 vetue-

361 2837 670 2967 ffiffl
672 2813 1565 2968 {doguffihffiavfiffitm
1568 2815 1941 2987 2125&AE
1986 2817 2395 2988 fflsssszqss'ss
2418 2923 2466 2960 30

360 2991 568 3055 hostis
603 2991 972 3055 habueram.
1044 2990 1122 3055 In
1158 3013 1286 3074 quo
1324 2991 1491 3054 hanc
1528 2991 1710 3074 capio
1757 2992 2175 3077 voluptatem,
2222 2992 2395 3076 quod

364 3083 559 3163 certe,
625 3101 754 3163 quo
812 3079 1020 3165 magis
1079 3101 1182 3143 me
1244 3079 1640 3163 petiverunt,
1702 3082 1885 3143 tanto
1944 3080 2257 3144 maiorem
2316 3081 2395 3144 iis

363 3169 699 3231 frustratio
747 3166 1035 3231 dolorem
1091 3168 1328 3231 attulit.

498 3255 622 3339 Tu,
676 3255 770 3318 mi
817 3253 1040 3319 Cicero
1049 3306 1070 3339 ,
1123 3255 1299 3339 quod
1354 3255 1562 3318 adhuc
1614 3256 1851 3339 fecisti,
1906 3255 2078 3320 idem
2122 3259 2393 3340 praesta,

365 3347 440 3407 ut
483 3344 830 3429 vigilanter
872 3365 1267 3426 nervoseque
1312 3364 1451 3427 1108,
1497 3343 1609 3426 qui
1654 3347 1898 3407 stamus
1942 3344 2012 3407 in
2049 3345 2201 3428 acie,
2248 3344 2393 3408 sub-
2418 3375 2466 3416 35

366 3452 570 3495 ornes.
661 3429 900 3496 Veniat
957 3429 1190 3495 Caesar
1243 3452 1390 3494 cum
1436 3431 1639 3515 copiis
1647 3482 1665 3515 ,
1722 3454 1879 3515 quas
1923 3430 2121 3495 habet
2166 3433 2394 3496 firmis-

365 3519 577 3602 simae,
623 3522 752 3604 aut,
798 3519 852 3582 si
897 3519 1112 3602 ipsum
1147 3518 1365 3602 aliqua
1409 3540 1510 3584 res
1554 3519 1843 3604 impedit,
1890 3520 2206 3584 exercitus
2252 3521 2395 3585 mit-
