2567 3884
600 178 700 231 AD
741 176 981 243 QUINT.
1019 176 1278 231 FRATR.
1318 176 1535 229 LIBER
1566 176 1645 229 111
1682 182 1731 245 2,
1770 182 1818 231 3.
2107 176 2234 240 551

195 324 316 384 tua
377 320 458 383 ad
516 321 874 405 perfectum
932 320 1062 383 iam
1122 342 1222 384 res
1283 320 1522 384 rustica
1579 318 1818 383 Arcani
1879 323 1943 383 et
2000 320 2235 384 Lateri.

195 408 545 473 Praeterea
605 410 682 472 de
743 430 938 492 aqua,
1000 408 1076 471 de
1132 408 1238 472 via
1292 407 1458 471 nihil
1510 407 1913 491 praetermisi
1960 407 2235 491 quadam

197 497 480 581 epistola
534 496 690 581 quin
747 497 1073 560 enucleate
1129 495 1210 559 ad
1261 499 1328 558 te
1357 496 1858 579 perscriberem.
1952 494 2079 560 Sed
2131 518 2235 560 me

197 586 318 648 illa
364 606 516 649 cura
561 584 868 649 sollicitat
923 584 1230 669 angitque
1274 566 1711 668 veliementer,
1767 584 1940 667 quod
1986 585 2235 648 dierum

140 692 168 732 5
199 674 335 737 iam
382 673 658 757 amplius
704 672 1173 773 quinquaginta
1227 672 1567 736 intervallo
1620 671 1786 736 nihil
1832 694 1870 736 a
1925 675 2013 755 te,
2069 672 2236 735 nihil

201 784 242 825 a
292 760 585 845 Caesare,
644 760 810 824 nihil
869 782 948 823 ex
1005 760 1148 823 istis
1200 759 1360 824 locis
1413 782 1547 824 non
1603 759 1797 824 modo
1852 760 2234 844 litterarum,

201 850 318 913 sed
345 871 426 913 ne
453 849 730 913 rumoris
759 848 1018 932 quidem
1046 848 1334 911 adfinxit.
1396 849 1503 912 Me
1541 852 1755 913 autem
1792 847 1922 912 iam
1960 852 2024 912 et
2058 870 2234 912 mare

201 937 376 1001 istuc
419 940 485 1001 et
528 942 702 1001 terra
745 936 1069 1021 sollicitat,
1113 958 1322 1019 neque
1361 936 1601 1021 desino,
1645 940 1719 1000 ut
1763 937 1841 1000 fit
1884 937 1953 999 in
1999 958 2234 1021 amore,

203 1048 305 1126 ea,
354 1047 517 1109 quae
559 1024 826 1089 minime
871 1025 1048 1109 v010,
1105 1024 1405 1110 cogitare.
1498 1023 1706 1100 Quare
1759 1046 1891 1088 non
1936 1025 2233 1108 equidem

121 1135 174 1173 ιο
203 1113 337 1177 10111
383 1118 449 1177 te
505 1135 692 1199 rogo,
751 1116 826 1176 ut
871 1112 953 1175 ad
996 1134 1099 1176 1110
1147 1112 1224 1176 de
1268 1117 1362 1197 te,
1418 1112 1495 1176 de
1549 1113 1741 1176 rebus
1795 1112 1938 1175 istis
1992 1113 2233 1177 scribas

205 1200 589 1288 (numquam
627 1201 816 1285 enim,
862 1222 1008 1264 cum
1051 1204 1254 1284 potes,
1299 1163 1809 1301 praetermittis),
1855 1200 1966 1264 sed
2009 1200 2133 1265 1100
2167 1204 2233 1264 te

205 1290 372 1354 scire
416 1290 593 1374 vo10,
645 1288 813 1353 nihil
866 1289 1000 1352 fere
1055 1310 1362 1372 umquam
1415 1310 1518 1352 me
1564 1289 1656 1352 sic
1701 1292 2097 1372 exspectasse
2142 1292 2234 1373 ut,

205 1400 354 1442 cum
399 1378 557 1441 haec
602 1377 987 1461 scribebam,
1030 1380 1176 1439 tuas
1219 1376 1487 1440 litteras

340 1465 533 1530 Nunc
586 1486 898 1551 cognosce
953 1486 1052 1548 ea,
1107 1485 1269 1548 quae
1316 1468 1466 1528 sunt
1510 1464 1579 1527 in
1634 1486 1703 1528 re
1747 1464 2023 1548 publica.
2117 1463 2235 1529 Co-
2271 1482 2302 1528 2

124 1574 176 1613 15
205 1554 544 1620 mitiorum
599 1553 834 1617 cotidie
889 1552 1128 1638 singuli
1177 1552 1310 1616 dies
1364 1552 1686 1616 tolluntur
1731 1552 2236 1617 obnuntiationi-

203 1642 328 1705 bus
373 1664 608 1729 magna
641 1642 973 1706 voluntate
1018 1640 1339 1704 bonorum
1384 1641 1699 1725 omnium3
1757 1645 1939 1704 tanta
1992 1641 2235 1705 invidia

205 1734 358 1793 sunt
412 1729 702 1794 consules
754 1733 1021 1813 propter
1074 1728 1502 1812 suspicionem
1560 1732 1897 1812 pactorum
1942 1750 1981 1791 a
2026 1729 2234 1792 candi-

206 1818 374 1882 datis
418 1817 866 1919 praemiorum.
961 1815 1300 1880 Candidati
1341 1816 1703 1879 consulares
1750 1819 2058 1899 quattuor
2104 1838 2234 1879 om-

203 1928 320 1969 nes
364 1906 474 1970 rei.
568 1904 808 1969 Causae
855 1908 1006 1969 sunt
1052 1904 1364 1987 difficiles,
1412 1905 1522 1967 sed
1569 1904 1903 1988 enitemur,
1949 1907 2022 1966 ut
2070 1902 2235 1967 Mes-

124 2015 177 2053 20
205 1995 339 2057 sala
383 1998 603 2058 noster
638 1995 850 2059 salvus
895 1994 1006 2077 sit,
1053 1993 1226 2076 quod
1271 1996 1368 2055 est
1414 1993 1608 2055 etiam
1647 2013 1792 2055 cum
1837 1991 2235 2074 reliquorum

205 2082 412 2146 salute
471 2082 898 2146 coniunctum.
993 2079 1341 2145 Gabinium
1397 2081 1473 2143 de
1534 2080 1782 2143 ambitu
1841 2101 2022 2144 reum
2081 2079 2235 2143 fecit

204 2170 275 2233 P.
325 2168 504 2233 Sulla
547 2170 987 2234 subscribente
1040 2169 1344 2254 privigno
1388 2168 1724 2253 MemmiO,
1778 2168 1977 2232 fratre
2024 2165 2237 2231 Caeci-

205 2258 329 2342 lio,
386 2256 564 2321 Sulla
617 2258 770 2322 filio.
865 2256 1106 2322 Contra
1160 2257 1326 2320 dixit
1381 2255 1453 2319 L.
1500 2256 1865 2340 Torquatus
1910 2256 2237 2321 omnibus-

209 2368 332 2429 que
395 2346 749 2410 libentibus
810 2368 943 2410 non
1008 2344 1309 2409 obtinuit.
1403 2343 1669 2420 Quaeris
1683 2396 1701 2430 ,
1760 2345 1918 2430 quid
1978 2346 2095 2409 fiat
2159 2345 2235 2408 de
2274 2362 2305 2409 3

127 2452 179 2491 2⁵
210 2433 502 2498 Gabinio,
595 2433 881 2498 Sciemus
937 2434 1015 2497 de
1067 2434 1401 2497 maiestate
1454 2433 1687 2497 triduo.
1780 2432 1921 2509 Quo
1977 2432 2236 2518 quidem

206 2522 277 2585 in
330 2521 568 2585 iudicio
625 2522 772 2586 odio
831 2521 1148 2605 premitur
1209 2522 1499 2585 omnium
1558 2543 1894 2607 generum,
1957 2521 2235 2584 maxime

207 2610 484 2673 testibus
518 2610 812 2694 laeditur,
849 2609 1328 2673 accusatoribus
1355 2609 1793 2695 frigidissimis
1820 2610 2054 2694 utitur3
2093 2630 2238 2671 con-

207 2698 424 2761 silium
461 2698 738 2783 varium,
785 2698 1110 2782 quaesitor
1155 2697 1373 2783 gravis
1410 2702 1473 2761 et
1518 2698 1742 2763 firmus
1778 2694 2006 2780 Alfius,
2050 2695 2239 2759 Pom-

205 2786 389 2870 peius
435 2785 776 2850 vehemens
831 2785 899 2848 in
954 2785 1274 2849 iudicibus
1321 2785 1640 2885 rogandis.
1733 2783 1903 2859 Quid
1946 2747 2237 2847 futurum

127 2892 180 2931 ⁸0
209 2874 325 2957 sit,
389 2874 632 2959 nesci03
694 2873 915 2937 locum
978 2876 1194 2937 tamen
1248 2872 1349 2936 illi
1406 2874 1475 2935 in
1530 2872 1790 2936 civitate
1846 2892 1979 2934 non
2032 2871 2236 2935 videt).

207 2960 518 3026 Α11111111111
571 2924 847 3045 praebeo
904 2961 985 3023 ad
1040 2960 1216 3025 illius
1269 2960 1620 3044 perniciem
1672 2958 2101 3043 moderatum,
2159 2959 2241 3022 ad

208 3072 421 3114 rerum
469 3054 768 3114 eventum
812 3048 1229 3113 lenissimum.

338 3136 558 3201 Habes
620 3138 752 3202 fere
819 3136 896 3200 de
962 3136 1260 3200 omnibus
1326 3135 1534 3198 rebus.
1622 3132 1844 3199 Unum
1907 3133 2072 3198 illud
2134 3134 2237 3197 ad-
2275 3152 2309 3199 4

209 3227 380 3289 dam:
438 3223 662 3289 Cicero
708 3229 858 3289 tuus
904 3228 1249 3308 nosterque
1297 3244 1552 3287 summo
1596 3222 1810 3286 studio
1858 3226 1954 3286 est
1998 3222 2239 3286 Paeoni

130 3333 182 3372 35
209 3314 308 3378 sui
354 3313 660 3397 rhetoris,
704 3312 1013 3396 hominis,
1061 3314 1319 3396 opinor,
1365 3311 1549 3375 valde
1587 3310 1920 3375 exercitati
1958 3314 2021 3374 et
2066 3310 2238 3374 boni.

209 3400 335 3467 Sed
396 3405 689 3464 nostrum
754 3399 1135 3464 instituendi
1198 3421 1403 3486 genus
1469 3420 1605 3463 esse
1667 3398 1861 3483 paulo
1927 3398 2239 3462 eruditius

207 3493 272 3554 et
315 3490 755 3575 θετικώτερον
800 3510 931 3552 11011
987 3488 1262 3574 ignoras,
1357 3487 1566 3564 Quare
1620 3509 1827 3571 neque
1875 3507 1995 3573 ego
2042 3487 2243 3571 impe-
