2567 3884
911 179 1129 232 LIBER
1165 180 1242 234 XI
1282 187 1509 237 14-17.
2094 182 2224 245 317

186 320 542 405 intercedit,
581 321 879 405 quodque
917 322 1271 405 plurimum
1308 324 1497 408 valet,
1545 323 1715 387 nihil
1751 324 1916 388 mihi
1954 323 2091 389 eius
2128 328 2225 388 est

186 408 624 473 familiaritate
660 410 1016 474 iucundius.
1089 410 1332 496 Magno
1368 415 1701 494 praeterea
1736 412 2050 476 beneficio
2089 412 2227 477 eius

185 518 550 583 magnoque
594 499 827 561 merito
875 519 1018 562 sum
1057 499 1400 584 obligatus
1490 498 1663 564 Nam
1704 498 2031 563 Clodianis
2068 504 2227 563 tem-

186 585 481 670 poribus,
541 607 686 649 cum
742 587 1056 669 equestris
1114 588 1358 651 ordinis
1412 588 1712 671 princeps
1767 591 1933 651 esset
1976 609 2226 671 proque

135 690 160 730 5
187 695 329 738 mea
388 673 593 738 salute
648 695 974 738 acerrume
1033 679 1499 761 propugnaret,
1555 698 1594 739 a
1642 674 1919 739 Gabinio
1966 676 2227 739 consule

187 762 509 847 relegatus
555 766 680 847 est,
740 762 916 846 quod
969 767 1117 826 ante
1171 763 1240 826 id
1284 768 1539 847 tempus
1587 764 1713 827 civi
1758 763 2053 829 Romano
2099 763 2229 827 Ro-

186 871 328 913 mae
367 849 642 936 contigit
684 850 946 914 nemini.
1036 850 1182 914 Hoc
1219 872 1366 914 cum
1411 851 1689 935 populus
1726 851 2057 915 Romanus
2097 873 2228 915 me-

186 938 396 1022 minit,
441 960 545 1002 me
581 939 794 1022 ipsum
831 960 963 1002 non
997 939 1367 1004 meminisse
1402 939 1851 1024 turpissimum
1888 943 2000 1004 est.
2062 939 2227 1015 Qua-
2262 955 2297 1004 3

184 1030 454 1109 propter
496 1027 808 1109 persuade
844 1027 986 1111 tibi,
1031 1028 1123 1091 mi
1159 1026 1381 1110 Brute,
1425 1049 1530 1091 me
1574 1031 1794 1111 petere
1839 1031 2226 1112 praeturam.

106 1132 160 1172 ιο
187 1113 593 1198 Quamquam
665 1115 837 1178 enim
908 1115 1134 1178 Lamia
1205 1137 1459 1179 summo
1534 1115 1904 1200 splendore,
1978 1137 2231 1179 summa

187 1202 399 1288 gratia
453 1206 550 1266 est
603 1203 1242 1288 magnificentissimo
1299 1224 1565 1268 munere
1610 1204 1933 1288 aediliciO,
1993 1208 2229 1288 tamen,

189 1290 373 1373 quasi
419 1312 492 1354 ea
537 1291 631 1354 ita
672 1312 808 1355 non
853 1295 1090 1375 essent,
1149 1312 1272 1377 ego
1320 1291 1570 1376 suscepi
1614 1295 1829 1355 totum
1872 1291 2229 1377 negotium.

185 1377 254 1442 N
255 1400 404 1462 unc,
461 1379 516 1442 si
560 1400 664 1442 me
719 1380 886 1443 tanti
931 1380 1120 1464 faciS,
1181 1379 1410 1463 quanti
1456 1382 1626 1444 certe
1673 1380 1862 1463 facis,
1923 1380 2229 1463 quoniam

189 1467 480 1550 equitum
527 1468 846 1532 centurias
891 1471 1097 1551 teneS,
1144 1467 1212 1531 in
1259 1468 1405 1551 quis
1452 1489 1699 1553 regnaS,
1745 1468 1933 1532 mitte
1981 1467 2063 1530 ad
2106 1466 2231 1530 Lu-

105 1571 161 1610 15
187 1576 345 1638 pum
390 1558 703 1639 nostrum,
749 1560 825 1619 ut
869 1557 925 1620 is
969 1555 1160 1620 nobis
1199 1577 1305 1619 eas
1344 1557 1664 1619 centurias
1702 1556 2017 1619 conficiat.
2076 1555 2231 1620 Non

189 1642 423 1706 tenebo
479 1647 544 1706 te
596 1643 920 1729 pluribus3
978 1665 1217 1727 ponam
1271 1645 1342 1706 in
1398 1648 1713 1727 extrem0,
1775 1643 1950 1727 quod
1994 1644 2231 1707 sentio:

186 1729 377 1794 Nihil
431 1735 556 1815 est,
615 1731 848 1815 Brute,
907 1753 1053 1796 cum
1115 1732 1334 1796 omnia
1387 1753 1426 1795 a
1480 1736 1545 1796 te
1601 1736 1997 1816 exspectem,
2057 1731 2233 1816 quod

187 1818 352 1882 milu·
397 1819 646 1905 gratius
693 1822 903 1884 facere
947 1820 1172 1904 possis.

1104 2044 1311 2112 XVII.

102 2189 160 2228 20
583 2167 697 2224 Sor.
735 2167 937 2222 ibidem
982 2169 1163 2222 eodem
1207 2174 1443 2238 tempore
1480 2183 1585 2238 quo
1626 2183 1707 2236 ep.
1748 2170 1838 2220 16.

724 2287 798 2343 M.
841 2287 1098 2343 CICERO
1137 2287 1203 2343 D.
1241 2287 1489 2342 BRUTO
1535 2287 1587 2342 S.
1624 2287 1693 2342 D.

322 2431 394 2495 L.
431 2430 656 2495 Lamia
699 2452 830 2495 uno
879 2431 1170 2494 omnium
1213 2429 1715 2494 familiarissime
1761 2434 1927 2495 utor.
1992 2429 2232 2516 Magna
2272 2450 2299 2496 1

188 2524 342 2585 sunt
396 2519 532 2584 eius
579 2520 648 2582 in
692 2541 822 2602 me,
875 2540 1008 2582 non
1064 2519 1206 2582 dico
1257 2518 1498 2603 officia,
1553 2519 1667 2583 sed
1710 2520 1969 2602 merita,
2030 2540 2231 2602 eaque

187 2613 341 2673 sunt
393 2607 636 2692 populo
683 2605 977 2670 Romano
1032 2607 1387 2670 notissima.
1477 2605 1541 2670 Is
1588 2607 2229 2693 magnificentissimo

101 2716 158 2756 25
185 2717 455 2762 munere
483 2695 830 2759 aedilitatis
858 2695 1232 2778 perfunctus
1259 2695 1427 2796 petit
1454 2699 1843 2779 praeturam,
1882 2715 2231 2778 omnesque

185 2785 579 2870 intellegunt
622 2804 742 2847 nec
787 2783 1171 2868 dignitatem
1217 2784 1278 2848 ei
1326 2783 1541 2870 deesse
1586 2805 1705 2846 nec
1759 2782 2065 2868 gratiam3
2120 2782 2233 2845 sed

184 2874 244 2937 is
291 2872 574 2937 ambitus
621 2871 890 2935 excitari
924 2871 1198 2955 videtur,
1245 2875 1320 2934 ut
1358 2893 1479 2957 ego
1520 2871 1736 2935 omm'a
1780 2871 2231 2953 pertimescam

185 2966 522 3044 totamque
565 2959 950 3044 petitionem
994 2959 1255 3023 Lamiae
1302 2959 1467 3023 mihi
1514 2958 1953 3023 sustinendam
1988 2961 2228 3058 putem

183 3048 266 3114 In
312 3071 386 3114 ea
430 3071 500 3112 re
547 3051 861 3132 quantum
905 3069 1008 3111 me
1054 3048 1262 3131 possis
1310 3048 1630 3131 adiuvare,
1676 3047 1863 3110 facile
1909 3045 2229 3146 perspicio
2268 3064 2297 3110 2

97 3158 155 3198 30
183 3159 307 3202 nec
341 3158 512 3221 ver0,
561 3140 874 3220 quantum
911 3157 1056 3199 mea
1102 3157 1291 3199 causa
1326 3135 1505 3218 velis,
1554 3134 1798 3198 dubito.
1854 3132 2072 3197 Velim
2110 3133 2231 3218 igi-

182 3230 313 3310 tur,
357 3225 450 3289 mi
494 3225 714 3309 Brute,
760 3224 886 3288 tibi
930 3223 1313 3307 persuadeas
1359 3223 1527 3286 nihil
1571 3244 1675 3286 me
1720 3222 1965 3287 maiore
2012 3221 2229 3286 studio

183 3337 223 3378 a
269 3318 335 3378 te
379 3318 623 3397 petere,
676 3312 845 3376 nihil
889 3314 954 3374 te
999 3311 1164 3375 mihi
1209 3311 1459 3397 gratius
1506 3311 1714 3374 facere
1760 3331 1975 3394 posse,
2033 3332 2227 3394 quam

181 3403 240 3467 si
290 3402 590 3466 omnibus
635 3400 764 3465 tuis
811 3399 1072 3483 opibus,
1129 3400 1309 3464 omni
1352 3399 1568 3462 studio
1614 3399 1906 3462 Lamiam
1954 3398 2023 3462 in
2066 3398 2231 3482 peti-

179 3491 363 3556 tione
409 3489 664 3554 iuveris,
757 3487 948 3564 Quod
989 3491 1064 3551 ut
1111 3488 1325 3572 faciaS,
1370 3487 1786 3552 vehementer
1831 3491 1897 3551 te
1942 3509 2122 3573 rog0.
