2567 3884
330 182 465 247 420
1086 182 1604 237 EPISTULARUM

331 326 539 389 facere
582 325 791 408 possis
846 322 1025 411 (nam
1072 326 1231 409 quin
1276 325 1438 389 velis
1445 376 1463 409 ,
1509 346 1642 389 non
1688 321 1972 410 dubito),
2027 323 2247 407 velim,
2310 324 2373 387 si

329 414 456 477 tibi
500 434 696 499 grave
740 434 873 477 non
918 414 1069 498 erit,
1116 414 1456 477 certiorem
1500 434 1604 477 me
1649 413 1862 478 facias.

1196 602 1490 670 LXXIV.

734 725 848 782 Ser.
887 725 1095 781 Romae
1134 727 1250 781 eod.
1288 732 1446 794 temp.
1485 740 1590 795 quo
1625 742 1706 794 ep.
1749 724 1970 779 XLIV.

704 848 779 904 M.
820 846 1077 903 CICERO
1117 846 1179 912 Q.
1218 846 1554 901 PHILIPPO
1593 845 1890 902 PROCOS.
1929 846 1982 901 S.
2429 868 2454 907 5

466 991 612 1055 Etsi
656 1013 788 1055 non
836 991 1061 1054 dubito
1106 1012 1226 1075 pro
1272 994 1388 1054 tua
1422 990 1490 1053 in
1526 1012 1629 1053 me
1668 990 2076 1074 opservantia
2119 1011 2375 1073 proque

332 1084 555 1144 nostra
600 1079 1085 1162 necessitudine,
1131 1079 1290 1162 quin
1336 1077 1955 1142 commendationem
1991 1099 2204 1141 meam
2241 1100 2376 1141 me-

332 1168 541 1232 moria
583 1170 820 1251 teneaS,
865 1170 1082 1230 tamen
1119 1167 1313 1231 etiam
1361 1170 1554 1249 atque
1592 1165 1785 1229 etiam
1823 1166 2096 1229 eundem
2133 1166 2263 1229 tibi
2299 1164 2374 1229 L.

334 1254 645 1340 Oppium,
700 1255 1084 1319 familiarem
1129 1276 1372 1338 meum,
1430 1257 1831 1338 praesentem
1877 1256 1942 1317 et
1985 1253 2059 1317 L.
2106 1252 2374 1339 Egnati,

334 1342 823 1407 familiarissimi
866 1343 1021 1426 mei,
1067 1343 1350 1425 apsentis
1393 1342 1657 1427 negotia
1693 1342 2086 1405 commendo
2161 1340 2377 1405 Tanta
2401 1362 2453 1400 ιο

334 1431 499 1494 1111111
564 1452 710 1494 cum
773 1451 849 1494 eo
912 1430 1315 1494 necessitudo
1380 1434 1476 1493 est
1528 1429 2088 1513 familiaritasque,
2152 1434 2255 1515 ut,
2319 1431 2374 1493 si

334 1540 480 1582 mea
523 1540 625 1581 res
662 1522 843 1601 esset,
887 1540 1019 1582 non
1064 1519 1273 1604 magis
1315 1518 1692 1581 laborarem.
1784 1516 2192 1602 Quapropter
2225 1540 2375 1604 gra-

334 1606 659 1670 tissimum
704 1606 868 1670 1111111
920 1607 1175 1690 feceriS,
1231 1606 1286 1669 si
1333 1606 1574 1670 curaris
1588 1656 1606 1689 ,
1661 1609 1735 1669 ut
1779 1606 1836 1669 is
1881 1605 2220 1691 intellegat
2266 1628 2374 1670 me

336 1716 375 1757 a
418 1698 483 1757 te
529 1698 784 1758 tantum
830 1694 1049 1777 amari,
1096 1698 1410 1778 quantum
1455 1694 1592 1776 ipse
1639 1693 1956 1757 existimO.
2021 1692 2168 1757 Hoc
2203 1694 2374 1757 mihi

334 1782 585 1868 gratius
644 1782 851 1846 facere
914 1782 1081 1845 nihil
1141 1787 1328 1867 potes
1344 1832 1362 1867 ,
1436 1782 1630 1865 idque
1692 1786 1766 1845 ut
1828 1781 2026 1845 facias
2043 1831 2063 1865 ,
2135 1784 2204 1845 te
2267 1804 2373 1846 ve-
2401 1801 2453 1841 15

334 1875 587 1935 menter
632 1891 814 1955 rog0.

1223 2027 1481 2092 LXXV.

532 2148 647 2204 Ser.
688 2149 896 2204 Romae
930 2150 1014 2205 vel
1049 2165 1131 2204 ex.
1170 2166 1222 2202 a.
1264 2151 1376 2203 702
1415 2151 1537 2216 (52)
1569 2149 1654 2205 vel
1687 2149 1766 2203 in.
1804 2166 1858 2203 a.
1897 2149 2008 2203 703
2049 2150 2189 2215 (51).

700 2288 775 2343 M.
814 2286 1071 2342 CICERO
1110 2287 1172 2342 T.
1211 2286 1406 2342 TITIO
1444 2287 1504 2343 T.
1543 2288 1603 2342 F.
1641 2286 1799 2342 LEG.
1839 2286 1893 2343 S.
1930 2286 2000 2341 D.

270 2448 299 2495 1
473 2429 619 2493 Etsi
664 2451 795 2494 non
843 2430 1097 2515 dubito,
1153 2431 1311 2514 quin
1366 2432 1536 2515 apud
1588 2435 1654 2494 te
1707 2452 1852 2494 mea
1896 2430 2373 2495 commendatio
2401 2452 2453 2492 20

336 2517 549 2601 prima
594 2519 749 2582 satis
794 2519 1030 2602 valeat,
1085 2523 1302 2582 tamen
1350 2540 1669 2619 opsequor
1712 2519 1963 2582 homini
2007 2519 2378 2583 familiaris-

339 2606 521 2689 sim0,
570 2604 637 2669 C.
675 2605 952 2670 Avianio
988 2606 1238 2691 Flacco,
1284 2607 1466 2670 cuius
1503 2628 1690 2670 causa
1727 2606 1944 2670 omnia
1988 2627 2138 2671 cum
2183 2606 2377 2689 cupio

337 2698 479 2781 tum
523 2694 887 2758 mehercule
942 2695 1139 2759 etiam
1186 2694 1405 2758 debe0.
1496 2694 1594 2759 De
1642 2716 1770 2778 quo
1817 2698 1882 2759 et
1934 2716 2238 2779 praesens
2283 2698 2380 2758 te·

339 2767 486 2846 cum
523 2782 627 2867 egi
667 2782 1041 2868 diligenter,
1088 2803 1234 2846 cum
1279 2786 1353 2847 tu
1398 2782 1561 2846 mihi
1605 2782 2067 2847 humanissime
2113 2804 2379 2865 respon-

340 2870 510 2954 disti,
557 2874 622 2934 et
667 2871 895 2954 scripsi
942 2871 1023 2934 ad
1066 2874 1132 2934 te
1178 2874 1471 2935 accurate
1518 2875 1729 2956 anteat,
1788 2871 1900 2935 sed
1943 2874 2135 2954 putat
2179 2871 2378 2935 inter·
2404 2890 2455 2930 25

338 2979 475 3021 esse
529 2980 645 3021 sua
696 2981 801 3023 me
854 2958 936 3022 ad
987 2962 1053 3022 te
1100 2981 1294 3042 quam
1349 2959 1716 3042 saepissime
1771 2958 2069 3023 scribere.
2163 2958 2376 3035 Quare

336 3044 533 3109 velim
591 3046 754 3109 mihi
814 3046 1109 3132 ignoscas
1121 3097 1139 3130 ,
1200 3047 1256 3111 si
1315 3047 1491 3112 illius
1544 3046 1864 3111 voluntati
1922 3050 2378 3131 optemperans

267 3150 300 3197 2
337 3133 553 3197 minus
597 3134 867 3198 videbor
909 3134 1276 3198 meminisse
1323 3135 1717 3199 constantiae
1761 3138 1926 3199 tuae.
1999 3132 2064 3197 A
2098 3138 2166 3198 te
2201 3134 2376 3199 idem

338 3220 503 3283 illud
552 3225 732 3305 peto,
796 3226 869 3285 ut
926 3223 1002 3285 de
1056 3222 1201 3285 loco
1215 3273 1233 3306 ,
1295 3244 1423 3306 quo
1481 3223 1776 3306 deportet
1820 3222 2254 3307 frumentum,
2309 3225 2375 3285 et

339 3308 415 3371 de
460 3312 751 3392 tempore
786 3308 1064 3374 Avianio
1112 3311 1494 3393 commodeS,
1542 3332 1817 3395 quorum
1863 3314 2214 3393 utrumque
2258 3331 2374 3395 per
2402 3330 2453 3368 ao

336 3395 609 3458 eundem
672 3419 775 3460 me
841 3398 1123 3480 optinuit
1187 3399 1565 3483 triennium,
1631 3398 1784 3462 dum
1845 3398 2198 3481 Pompeius
2261 3399 2373 3463 isti

336 3483 600 3565 negotio
636 3485 933 3567 praefuit.
1001 3484 1265 3550 Summa
1294 3490 1407 3570 est,
1454 3486 1523 3550 in
1559 3508 1689 3571 quo
1725 3486 1890 3551 mihi
1925 3487 2372 3573 gratissimum
