2567 3884
217 1052 244 1101 1

209 3425 240 3472 3

279 187 414 252 204
1030 185 1543 242 EPISTULARUM

280 331 518 395 tarium
577 351 792 394 rerum
852 329 1243 394 urbanarum
1301 330 1583 414 primum
1648 329 1793 393 dedi
1848 329 1919 394 L.
1983 329 2304 396 Castrinio

280 418 498 504 Paeto,
545 418 893 482 secundum
939 419 1017 503 ei,
1064 418 1175 502 qui
1219 418 1337 482 has
1380 418 1630 481 litteras
1674 417 1799 482 tibi
1846 418 2035 482 dedit.

1243 608 1359 676 III.

617 748 732 805 Ser.
772 749 980 804 Romae
1016 750 1141 805 circ.
1181 749 1282 804 IV
1308 749 1397 804 Id.
1435 749 1564 804 Ium.
1603 767 1655 804 a.
1696 752 1804 804 703
1844 753 1963 818 (51)

902 887 1202 944 CAELIUS
1241 887 1579 944 CICERONI
1620 889 1673 944 S.
2359 910 2389 951 5

421 1033 667 1098 Estne?
720 1032 848 1097 vici
895 1036 959 1097 et
1003 1031 1129 1096 tibi
1174 1053 1385 1117 saepe,
1440 1033 1615 1116 quod
1664 1054 1933 1120 negaras
1978 1032 2305 1099 discedens

287 1126 657 1186 curaturum
715 1121 866 1205 tibi,
919 1121 1168 1185 litteras
1211 1121 1449 1184 mitto?
1538 1119 1683 1205 Est,
1742 1121 2056 1204 siquidem
2100 1123 2305 1206 perfe-

285 1214 534 1293 runtur,
581 1231 739 1292 quas
767 1209 864 1273 do,
924 1207 1140 1292 Atque
1183 1209 1310 1273 hoc
1346 1231 1421 1274 eo
1458 1208 1831 1295 diligentius
1875 1210 2067 1295 facio,
2114 1211 2305 1295 quod,

288 1319 432 1362 cum
480 1297 724 1361 otiosus
769 1319 937 1382 sum,
979 1298 1195 1381 plane,
1241 1297 1355 1360 ubi
1401 1297 1708 1361 delectem
1754 1297 2025 1362 otiolum
2068 1319 2304 1383 meum,

286 1406 418 1450 non
473 1385 698 1449 habeO.
788 1384 887 1448 Tu
947 1406 1092 1449 cum
1144 1384 1389 1448 Romae
1444 1406 1607 1470 eras,
1663 1385 1789 1449 hoc
1838 1385 2001 1450 mihi
2056 1390 2301 1450 certum
2330 1405 2390 1444 10

288 1495 361 1537 ac
397 1472 926 1537 iucundissimum
961 1473 1212 1538 vacanti
1252 1473 1587 1560 negotium
1624 1477 1777 1558 erat,
1821 1477 2035 1538 tecum
2080 1474 2148 1538 id
2184 1474 2303 1538 otii

285 1566 540 1645 tempus
585 1582 982 1647 consumere3
1026 1561 1220 1645 idque
1256 1583 1388 1625 non
1422 1561 1831 1625 mediocriter
1877 1561 2185 1646 desidere,
2230 1566 2305 1626 ut

285 1649 448 1713 mihi
483 1671 614 1713 non
649 1649 843 1714 modo
877 1650 1052 1713 solus
1087 1671 1248 1733 esse,
1295 1649 1408 1713 sed
1440 1649 1685 1714 Romae
1719 1653 1785 1714 te
1827 1651 2119 1734 profecto
2156 1651 2305 1714 soli-

285 1736 444 1801 tudo
488 1737 782 1801 videatur
823 1737 1016 1822 facta,
1071 1741 1162 1822 et,
1216 1737 1355 1822 qui,
1409 1758 1571 1821 quae
1622 1759 1767 1802 mea
1817 1738 2305 1825 neglegentiast,

284 1826 525 1890 multos
561 1846 745 1910 saepe
784 1825 916 1889 dies
952 1825 1034 1889 ad
1076 1829 1160 1911 te,
1205 1847 1352 1890 cum
1385 1825 1495 1889 hic
1530 1848 1686 1911 eras,
1730 1847 1861 1890 non
1906 1827 2300 1911 accedebam,
2330 1844 2385 1884 15

284 1935 456 1977 nunc
501 1912 764 1978 cottidie
807 1935 938 1977 non
984 1935 1118 1978 esse
1162 1917 1254 1999 te,
1314 1914 1395 1977 ad
1447 1935 1638 1997 quem
1682 1914 2009 1999 cursitem,
2066 1914 2305 1979 discru—

287 2002 437 2066 cior.
527 2001 808 2065 Maxime
865 2023 1049 2087 vere,
1113 2005 1187 2066 ut
1247 2005 1314 2066 te
1378 2001 1511 2066 dies
1572 2005 1918 2086 noctesque
1982 2024 2304 2088 quaeram,

285 2090 647 2174 conpetitor
680 2089 914 2154 Hirrus
951 2093 1146 2154 curat.
1221 2089 1362 2165 Quo
1406 2090 1599 2154 modo
1644 2089 1829 2154 illum
1872 2093 2060 2175 putas
2105 2113 2304 2177 augu-

285 2181 464 2242 ratus
499 2181 685 2241 tuum
723 2179 1208 2262 competitorem
1246 2177 1461 2242 dolere
1498 2181 1563 2242 et
1599 2178 1997 2243 dissimulare
2032 2201 2135 2242 me
2172 2201 2305 2243 cer-

283 2265 518 2330 tiorem
564 2287 756 2350 quam
801 2287 867 2330 se
913 2266 1364 2330 candidatum?
1436 2265 1533 2330 De
1571 2287 1698 2350 quo
1735 2270 1825 2351 ut,
1871 2289 2062 2350 quem
2100 2271 2302 2352 optaS,
2332 2286 2385 2325 20

285 2373 478 2436 quam
503 2354 785 2437 primum
811 2354 1111 2418 nuntium
1138 2353 1427 2438 accipias,
1463 2357 1575 2418 tua
1601 2354 1850 2418 medius
1877 2354 2067 2419 fidius
2092 2356 2303 2442 magis

285 2461 477 2524 quam
519 2463 663 2505 mea
707 2463 894 2506 causa
939 2442 1158 2528 cupio3
1203 2444 1250 2528 †
1282 2465 1433 2506 nam
1478 2464 1649 2526 mea,
1695 2443 1751 2507 si
1786 2443 1893 2528 fio,
1938 2443 1992 2507 si
2028 2443 2303 2507 forsitan

283 2550 430 2593 cum
474 2529 892 2614 locupletiore
937 2530 1240 2616 referam3
1285 2530 1399 2594 sed
1438 2530 1565 2594 hoc
1607 2551 1809 2615 usque
1846 2552 1921 2596 eo
1957 2553 2149 2596 suave
2186 2535 2303 2616 est,

281 2621 372 2702 ut,
419 2616 473 2680 si
519 2617 837 2702 acciderit,
882 2621 1022 2682 tota
1065 2619 1200 2682 vita
1244 2619 1411 2683 risus
1454 2618 1643 2682 nobis
1692 2619 1867 2682 desse
1902 2641 2034 2683 non
2076 2619 2299 2703 possit.

281 2706 328 2790 †
374 2703 500 2769 Sed
543 2705 708 2771 tanti
765 2706 876 2770 sed
927 2705 1321 2771 mehercules
1366 2727 1497 2770 non
1540 2707 1818 2771 multum
1862 2706 1948 2771 Μ.
1996 2706 2300 2772 Octavius
2328 2725 2384 2764 2⁵

281 2813 503 2856 eorum
533 2793 695 2879 odia,
733 2814 894 2877 quae
929 2793 1199 2859 Hirrum
1225 2798 1544 2879 premunt,
1582 2816 1743 2878 quae
1778 2795 2100 2880 permulta
2132 2800 2301 2880 sunt,

282 2881 593 2945 sublevat.

414 2967 601 3045 Quod
644 2969 726 3032 ad
759 2968 1098 3033 Philotimi
1141 2969 1362 3035 liberti
1409 2970 1695 3034 officium
1732 2974 1797 3034 et
1832 2969 2003 3034 bona
2036 2968 2303 3035 Milonis

280 3057 538 3140 attinet,
595 3057 884 3121 dedimus
939 3079 1225 3143 operam,
1280 3052 1357 3121 ut
1399 3062 1464 3122 et
1516 3058 1907 3141 Philotimus
1952 3080 2144 3142 quam
2187 3058 2303 3123 ho-

278 3145 638 3210 nestissime
673 3143 920 3209 Miloni·
941 3146 1188 3229 apsenti
1224 3146 1487 3231 eiusque
1523 3147 1893 3211 necessariis
1938 3147 2091 3210 satis
2136 3147 2299 3210 face-
2330 3165 2387 3204 30

279 3236 396 3319 ret,
442 3236 506 3296 et
551 3234 898 3297 secundum
944 3234 1080 3297 eius
1125 3234 1319 3298 fidem
1356 3239 1421 3298 et
1456 3235 1863 3299 sedulitatem
1908 3234 2301 3299 existimatio

279 3325 392 3384 tua
439 3326 936 3386 conservaretur.
2080 3373 2091 3383 .

410 3406 583 3472 Illud
634 3431 806 3473 nunc
858 3432 897 3473 a
948 3413 1013 3474 te
1067 3413 1245 3494 peto,
1310 3410 1365 3474 si
1420 3411 1545 3474 eris
1554 3462 1571 3495 ,
1636 3415 1709 3474 ut
1763 3432 1948 3494 spero
1957 3460 1976 3494 ,
2038 3409 2302 3495 otiosus,

279 3496 540 3580 aliquod
593 3498 674 3560 ad
726 3519 875 3582 nos,
933 3501 1009 3561 ut
1062 3499 1509 3584 intellegamus
1554 3521 1673 3563 nos
1724 3499 1849 3563 tibi
1903 3519 2089 3563 curae
2148 3519 2303 3583 esse,
