2567 3884
159 941 224 989 10

165 1909 228 1955 11

166 2524 230 2571 12

260 164 387 227 150
835 219 839 224 .
1007 160 1523 214 EPISTULARUM

259 328 382 371 sus.
472 305 808 369 Postremo
879 303 1077 368 homo
1151 303 1335 367 valde
1408 306 1505 367 est
1577 305 1802 366 acutus
1872 305 1938 367 et
2008 300 2290 365 multum

258 393 629 479 providen83
684 392 1006 477 intellegit
1048 395 1141 475 te,
1184 390 1516 455 hominem
1559 391 1631 454 in
1674 393 1858 474 parte
1900 388 2127 455 Italiae
2170 390 2292 453 mi-

258 484 432 546 nime
488 480 951 545 contemnenda
1003 480 1190 543 facile
1246 480 1536 543 omnium
1589 477 2064 542 nobilissimum
2110 481 2175 541 et
2220 478 2292 541 in

261 569 585 634 communi
639 591 708 633 re
761 592 822 653 p.
871 568 1072 632 cuivis
1127 589 1526 631 summorum
1580 571 1729 631 tuae
1775 566 2001 631 aetatis
2046 566 2151 630 vel
2193 566 2293 630 in-

259 659 450 745 genio
496 658 600 723 vel
644 657 854 743 gratia
898 656 1002 720 vel
1046 656 1217 719 fama
1259 655 1486 740 populi
1530 654 1607 719 R.
1653 676 1891 739 parem,
1935 676 2066 718 non
2100 674 2291 738 posse
2350 672 2378 712 5

259 746 591 831 prohiberi
637 767 706 809 re
750 743 1010 828 publica
1057 744 1314 808 diutius,
1404 742 1604 809 Nolet
1654 742 1782 806 hoc
1824 742 2133 826 temporis
2176 764 2293 826 po-

259 836 391 899 tius
437 856 571 899 esse
619 833 962 917 aliquando
1019 832 1402 896 beneficium
1448 852 1642 915 quam
1686 832 1817 895 iam
1864 852 2067 895 suum.

394 922 550 986 Dixi
598 922 674 985 de
722 920 1014 1005 Caesare3
1058 941 1229 984 nunc
1275 921 1482 984 dicam
1529 919 1605 983 de
1650 923 2015 1003 temporum
2050 939 2293 983 rerum-

264 1033 388 1095 que
432 1014 678 1073 natura.
768 1008 980 1073 Nemo
1025 1012 1121 1072 est
1164 1012 1300 1071 tam
1346 1008 1645 1071 inimicus
1690 1008 1750 1071 ei
1796 1028 2019 1072 causae
2030 1057 2049 1092 ,
2095 1028 2292 1091 quam

261 1098 609 1183 Pompeius
669 1097 988 1162 animatus
1045 1095 1276 1160 melius
1338 1118 1532 1180 quam
1589 1100 1851 1179 paratus
1911 1098 2291 1179 susceperat,
2322 1114 2378 1155 ιο

265 1187 378 1271 qui
422 1208 542 1250 nos
586 1185 790 1248 malos
851 1185 1008 1248 civis
1055 1184 1263 1249 dicere
1311 1189 1422 1249 aut
1467 1183 1760 1248 homines
1805 1184 2137 1267 improbos
2185 1205 2293 1247 au-

267 1276 428 1339 deat.
517 1272 598 1337 In
651 1294 779 1357 quo
835 1272 1140 1337 admirari
1194 1273 1371 1337 soleo
1426 1272 1812 1359 gravitatem
1858 1276 1923 1336 et
1976 1271 2292 1336 iustitiam

267 1366 331 1426 et
394 1362 775 1445 sapientiam
841 1359 1143 1425 Caesaris,
1245 1359 1619 1445 Numquam
1681 1360 1808 1424 nisi
1868 1359 2294 1425 honorificen-

264 1450 512 1514 tissime
547 1448 928 1533 Pompeium
965 1449 1260 1534 appellat.
1350 1447 1442 1512 At
1486 1450 1555 1513 in
1601 1449 1737 1513 eius
1781 1470 2054 1532 persona
2088 1448 2294 1512 multa

266 1538 420 1602 fecit
475 1538 776 1621 asperius.
866 1536 1217 1601 Armorum
1263 1538 1389 1601 ista
1443 1541 1507 1601 et
1560 1537 1867 1601 victoriae
1913 1540 2062 1601 sunt
2106 1536 2293 1620 facta,
2323 1554 2381 1594 15

266 1648 398 1690 non
445 1624 757 1711 Caesaris3
805 1630 871 1689 at
915 1647 1034 1689 nos
1080 1648 1270 1709 quem
1316 1626 1398 1689 ad
1440 1626 1706 1689 modum
1750 1628 1848 1689 est
1893 1624 2292 1709 complexus!

271 1712 563 1779 Cassium
608 1715 734 1778 sibi
777 1714 1046 1801 legavit,
1091 1714 1368 1777 Brutum
1417 1712 1661 1777 Galliae
1704 1714 2038 1798 praefecit,
2085 1711 2295 1795 Sulpi-

269 1802 440 1866 cium
501 1801 831 1887 Graeciae,
894 1802 1270 1866 Marcellum
1283 1852 1302 1887 ,
1366 1801 1471 1865 cui
1526 1801 1805 1865 maxime
1870 1801 2295 1884 suscensebat,

271 1912 416 1955 cum
461 1912 710 1955 summa
755 1891 930 1955 illius
979 1890 1293 1977 dignitate
1330 1890 1630 1954 restituit.
1715 1888 1855 1966 Quo
1900 1890 2104 1976 igitur
2136 1889 2297 1953 haec

268 1979 600 2063 spectant?
680 1978 923 2042 Rerum
985 1979 1112 2042 hoc
1171 1982 1403 2042 natura
1460 1982 1525 2042 et
1584 1977 1871 2042 civilium
1928 1982 2296 2061 temporum
2325 1993 2381 2033 20

267 2090 398 2131 non
443 2068 744 2152 patietur,
788 2088 907 2131 nec
950 2089 1214 2131 manens
1258 2088 1379 2131 nec
1421 2070 1671 2130 mutata
1715 2066 1881 2130 ratio
1932 2067 2121 2148 feret,
2165 2066 2297 2149 pri-

267 2177 447 2219 mum
506 2159 579 2219 ut
631 2177 763 2219 non
817 2155 886 2219 in
941 2175 1128 2219 causa
1181 2155 1324 2239 pari
1379 2154 1599 2219 eadem
1652 2154 1738 2218 sit
1784 2159 1847 2219 et
1894 2154 2183 2217 condicio
2230 2157 2297 2216 et

267 2243 528 2307 fortuna
573 2244 878 2327 omnium,
926 2243 1151 2323 deinde
1197 2247 1270 2306 ut
1316 2243 1384 2306 in
1429 2264 1570 2307 eam
1607 2242 1933 2307 civitatem
1977 2241 2133 2306 boni
2169 2241 2297 2305 viri

269 2335 333 2395 et
369 2329 527 2394 boni
555 2331 723 2395 cives
759 2331 938 2395 nulla
973 2331 1331 2417 ignominia
1366 2331 1575 2394 notati
1610 2353 1741 2395 non
1769 2333 2191 2413 revertantur,
2226 2330 2297 2393 in

269 2441 463 2503 quam
499 2422 599 2482 tot
635 2419 1029 2483 nefariorum
1075 2420 1386 2483 scelerum
1423 2420 1830 2483 condemnati
1875 2421 2295 2483 reverterunt.
2326 2433 2383 2475 ²5

400 2506 619 2571 Habes
665 2508 1006 2593 augurium
1049 2530 1292 2592 meum3
1338 2529 1485 2591 qu0,
1532 2507 1586 2571 si
1632 2507 1789 2591 quid
1834 2506 2297 2592 addubitarem,

267 2616 399 2658 non
451 2595 669 2679 potius
724 2599 938 2660 uterer
992 2618 1185 2680 quam
1239 2596 1353 2659 illa
1406 2596 1868 2680 consolatione,
1929 2617 2055 2679 qua
2108 2594 2297 2657 facile

268 2684 504 2748 fortem
567 2682 777 2747 virum
841 2686 1296 2768 sustentarem,
1359 2686 1425 2747 te
1439 2734 1457 2767 ,
1521 2684 1577 2748 si
1636 2684 1967 2767 explorata
2024 2682 2300 2747 victoria

270 2794 447 2835 arma
506 2772 883 2857 sumpsisses
944 2794 1064 2856 pro
1119 2794 1187 2836 re
1242 2795 1303 2856 p.
1360 2769 1481 2857 (ita
1540 2772 1711 2836 enim
1773 2775 1915 2835 tum
1972 2768 2297 2857 putabas),

268 2882 400 2924 non
444 2860 638 2923 nimis
685 2882 820 2924 0000
864 2861 1271 2944 laudandum,
1320 2860 1419 2923 sin
1459 2863 1725 2944 propter
1759 2861 2037 2923 incertos
2084 2859 2297 2923 exitus
2328 2875 2384 2916 so

270 2951 660 3032 eventusque
724 2948 1041 3012 bellorum
1113 2970 1302 3032 posse
1364 2948 1678 3033 accidere,
1742 2952 1817 3012 ut
1878 2949 2299 3032 vinceremur,

268 3039 585 3120 putasseS,
639 3058 772 3100 non
828 3036 1057 3100 debere
1110 3041 1177 3100 te
1231 3037 1313 3099 ad
1365 3037 1707 3101 secundam
1760 3037 2090 3101 fortunam
2133 3036 2299 3099 bene

268 3127 565 3207 paratum
611 3124 824 3209 fuisse,
871 3125 1201 3188 adversam
1245 3125 1412 3187 ferre
1448 3125 1629 3189 nullo
1664 3126 1859 3190 modo
1895 3146 2097 3209 posse.
2153 3123 2300 3187 Dis-

268 3216 563 3295 putarem
602 3214 814 3297 etiam,
853 3217 1093 3296 quanto
1130 3213 1367 3277 solacio
1404 3212 1527 3276 tibi
1567 3214 1955 3278 conscientia
1988 3213 2088 3277 tui
2123 3211 2297 3297 facti,

271 3304 545 3383 quantae
593 3299 1001 3365 delectationi
1046 3301 1115 3364 in
1160 3301 1352 3364 rebus
1398 3301 1679 3365 adversis
1722 3301 1977 3366 litterae
2022 3322 2156 3365 0000
2196 3300 2299 3363 de·
2328 3316 2385 3358 ³5

269 3387 522 3472 berent3
561 3408 1124 3453 commemorarem
1159 3410 1292 3452 non
1328 3390 1537 3452 solum
1573 3393 1881 3475 veterum,
1918 3390 2030 3454 sed
2062 3389 2301 3454 horum

272 3474 465 3537 etiam
513 3476 865 3540 recentium
909 3477 1013 3541 vel
1060 3477 1294 3540 ducum
1337 3477 1441 3541 vel
1488 3478 1797 3541 comitum
1840 3482 2104 3541 tuorum
2156 3498 2301 3563 gra-
