2567 3884
856 192 1073 245 LIBER
1109 192 1241 245 ΧΙΠ
1278 197 1506 247 52—55.
2079 192 2209 257 407

1107 403 1276 469 LIV.

347 525 461 581 Ser.
501 525 807 581 Laodiceae
836 532 965 595 post
1000 544 1052 581 a.
1092 526 1144 579 d.
1184 525 1299 577 III
1324 526 1412 581 Id.
1454 524 1617 581 Febr.
1655 542 1708 580 a.
1747 528 1858 581 704
1893 528 2032 593 (50).

702 646 960 702 CICERO
1000 646 1308 701 THERMO
1346 648 1604 703 PROPR.
1643 646 1696 704 S.

316 772 480 837 Cum
525 772 733 837 multa
766 773 931 837 milu·
976 776 1163 859 grata
1200 777 1369 858 sunt,
1415 795 1578 857 quae
1613 777 1687 837 tu
1724 773 2035 837 adductus
2071 794 2215 837 mea

74 894 77 897 ·
129 883 155 923 5
184 861 737 927 commendatione
783 861 1022 945 fecisti,
1078 865 1219 925 tum
1265 862 1336 924 in
1380 862 1635 946 primis,
1696 861 1871 945 quod
1914 860 2002 925 Μ.
2047 860 2215 925 Mar—

34 968 36 977 ’
184 952 420 1035 cilium,
466 950 657 1013 amici
694 952 886 1033 atque
922 949 1296 1033 interpretis
1331 950 1460 1013 mei
1495 951 1722 1035 filium,
1767 949 2214 1013 liberalissime

182 1038 566 1122 tractavisti3
612 1038 792 1101 venit
828 1038 999 1101 enim
1044 1036 1428 1102 Laodiceam
1465 1042 1530 1101 et
1564 1037 1691 1102 tibi
1736 1037 1908 1122 apud
1950 1059 2053 1101 me
2097 1038 2216 1100 mi-

181 1127 377 1209 hique
432 1129 701 1210 propter
744 1128 811 1188 te
855 1125 1097 1211 gratias
1142 1126 1456 1190 maximas
1502 1126 1655 1212 egit.
1745 1125 1980 1210 Quare,
2042 1125 2216 1209 quod

182 1216 504 1298 reliquum
552 1217 665 1298 est,
713 1235 751 1275 a
785 1217 851 1276 te
886 1217 1057 1297 pet0,
1104 1214 1412 1297 quoniam
1448 1214 1622 1298 apud
1663 1218 1884 1300 gratos
1919 1213 2215 1277 homines

102 1324 153 1363 ιο
182 1303 565 1366 beneficium
611 1301 825 1385 ponis,
880 1304 953 1364 ut
1012 1322 1088 1365 eo
1142 1301 1452 1366 libentius
1510 1302 1590 1365 iis
1647 1301 2011 1367 commodes
2070 1323 2218 1385 ope-

34 1387 36 1390 ’
181 1411 445 1475 ramque
494 1389 628 1473 des,
689 1388 903 1472 quoad
946 1388 1104 1452 fides
1149 1393 1262 1452 tua
1305 1390 1613 1475 patietur,
1673 1393 1747 1454 ut
1801 1411 2020 1453 socrus
2066 1389 2216 1453 adu-

180 1479 477 1543 lescentis
532 1499 641 1540 rea
695 1498 775 1540 ne
830 1478 961 1540 fiat.
1062 1476 1207 1563 Ego
1264 1498 1411 1541 cum
1466 1482 1654 1542 antea
1709 1478 1993 1542 studiose
2048 1498 2218 1541 com-

180 1566 563 1630 mendabam
598 1564 965 1628 Marcilium
1000 1568 1143 1628 tum
1178 1566 1385 1629 multo
1423 1587 1594 1629 nunc
1631 1565 1997 1651 studiosius,
2043 1566 2220 1649 quod

181 1656 251 1718 in
295 1655 492 1740 longa
537 1652 939 1737 apparitione
986 1652 1380 1738 singularem
1417 1658 1481 1718 et
1525 1675 1726 1738 prope
1772 1654 2217 1718 incredibilem

98 1762 152 1802 15
180 1743 384 1827 patris
436 1741 691 1805 Marcili
750 1740 945 1805 fidem
955 1791 974 1826 ,
1034 1742 1493 1825 apstinentiam
1549 1742 2058 1826 modestiamque
2117 1763 2218 1806 co-

182 1831 397 1917 gnovi.

1131 1985 1268 2051 LV.

599 2106 736 2175 Ser„
772 2114 837 2162 ut
872 2108 1106 2174 videtur,
1137 2109 1314 2175 paulo
1351 2114 1480 2161 oentc
1515 2124 1595 2175 ep.
1634 2106 1807 2161 LIII.

706 2229 964 2284 CICERO
1003 2228 1310 2282 THERMO
1347 2228 1603 2284 PROPR.
1648 2230 1700 2285 S.

34 2371 36 2380 '
95 2379 151 2419 20
316 2355 463 2419 Etsi
518 2356 682 2419 mihi
738 2355 962 2419 videor
1021 2355 1445 2439 intellexisse,
1507 2377 1653 2419 cum
1705 2358 1919 2419 tecum
1974 2354 2218 2438 Ephesi

184 2443 262 2507 de
322 2465 391 2507 re
444 2442 531 2506 M.
577 2442 817 2527 Annei,
875 2444 1075 2529 legati
1134 2444 1290 2527 mei,
1349 2442 1604 2506 locutus
1663 2464 1832 2528 sum,
1892 2446 1957 2506 te
2018 2443 2220 2527 ipsius

184 2552 375 2595 causa
428 2531 840 2595 vehementer
887 2531 1103 2595 omnia
1146 2532 1312 2595 velle
1327 2582 1344 2613 ,
1389 2534 1606 2595 tamen
1653 2535 1717 2594 et
1761 2530 1847 2594 M.
1893 2530 2221 2594 Anneium

183 2620 352 2683 tanti
416 2619 613 2703 faci0,
686 2623 759 2682 ut
822 2619 985 2683 milu'
1048 2618 1215 2682 nihil
1276 2622 1499 2702 putem
1561 2618 2222 2703 praetermittendum,

186 2708 360 2790 quod
407 2706 583 2770 illius
628 2707 903 2790 intersit,
949 2710 1014 2770 et
1048 2729 1152 2771 me
1191 2730 1229 2769 a
1264 2710 1329 2770 te
1366 2707 1534 2770 tanti
1569 2707 1712 2770 fieri
1756 2710 1936 2791 puto,
1981 2709 2055 2770 ut
2090 2727 2223 2769 non

92 2816 153 2858 25
186 2795 505 2879 dubitem,
563 2796 721 2877 quin
775 2794 857 2857 ad
910 2798 1089 2858 tuam
1143 2794 1545 2858 voluntatem
1598 2815 1872 2894 magnus
1928 2794 2221 2857 cumulus

183 2884 442 2948 accedat
480 2882 1054 2947 commendationis
1090 2904 1285 2945 meae.
1377 2881 1575 2965 Nam,
1623 2904 1768 2945 cum
1815 2882 1944 2944 iam
1982 2882 2092 2945 dju
2131 2882 2222 2943 dj-

180 2973 454 3058 ligerem
499 2969 585 3033 M.
624 2970 950 3034 Anneium
998 2971 1201 3053 deque
1248 2992 1325 3034 eo
1372 2971 1464 3033 sic
1509 2970 1963 3061 existimarem,
2009 2973 2082 3033 ut
2119 2990 2221 3033 res

184 3060 484 3143 declarat,
532 3059 644 3143 qui
681 3059 854 3122 ultro
892 3058 953 3121 ei
992 3057 1332 3121 detulerim
1369 3051 1777 3144 legationem,
1817 3079 1963 3121 cum
1997 3056 2222 3120 multis

179 3147 554 3249 petentibus
611 3146 1049 3232 denegassem,
1094 3149 1236 3209 tum
1279 3167 1462 3230 ver0,
1506 3148 1927 3246 posteaquam
1970 3166 2223 3208 mecum

86 3257 151 3299 so
181 3237 252 3300 in
299 3236 472 3299 bello
520 3239 712 3319 atque
758 3234 828 3298 in
874 3256 943 3298 re
988 3233 1257 3297 militari
1304 3234 1446 3318 fuit,
1493 3237 1741 3296 tantam
1785 3234 1856 3297 in
1901 3254 1976 3297 eo
2023 3234 2224 3297 virtu-

181 3329 334 3407 tem,
379 3323 808 3408 prudentiam,
854 3322 1049 3386 fidem
1094 3326 1470 3404 tantamque
1508 3343 1662 3407 erga
1706 3343 1809 3384 me
1855 3321 2224 3385 benivolen-

180 3413 343 3475 tiam
408 3412 715 3497 cognovi,
788 3414 861 3474 ut
924 3411 1255 3473 hominem
1318 3409 1643 3473 neminem
1705 3410 1910 3494 pluris
1972 3411 2221 3474 faciam.

180 3500 354 3565 Eum
393 3522 541 3565 cum
569 3463 899 3565 Sardianis
935 3498 1173 3562 habere
1204 3498 1710 3563 controversiam
1747 3498 1896 3563 scis.
1950 3496 2224 3564 Causam
