2567 3884
354 149 486 214 380
885 123 895 130 ’
1097 147 1615 202 EPISTULARUM

1282 357 1459 425 XIV.

837 481 951 538 Ser.
999 482 1198 536 Romae
1227 482 1403 550 paulo
1432 488 1563 550 post
1598 498 1679 550 ep.
1721 481 1901 535 XIII.

1059 603 1317 658 CICERO
1356 602 1600 658 BRUTO
1642 603 1693 658 S.

286 748 314 795 1
486 729 558 794 L.
605 729 779 794 Titio
829 728 1173 814 Strabone,
1233 729 1451 813 equite
1496 729 1573 792 R.
1621 731 1689 793 in
1733 729 1963 813 primis
2007 729 2289 794 honesto
2338 733 2403 794 et
2557 813 2558 816 Ἴ

359 823 605 903 ornat0,
652 818 1151 882 familiarissime
1197 821 1375 902 utor3
1422 818 1639 881 omnia
1683 818 1847 881 mihi
1886 839 2031 881 cum
2079 840 2155 882 eo
2205 820 2404 883 inter-
2456 833 2481 872 5
2557 841 2558 876 1

359 907 594 971 cedunt
638 908 779 970 iura
825 928 1110 969 summae
1157 905 1662 969 necessitudinis.
1753 905 1927 969 Huic
1970 907 2040 969 in
2095 911 2213 970 tua
2255 928 2405 990 pro-

357 996 570 1060 vincia
613 995 953 1078 pecuniam
1001 993 1190 1057 debet
1236 993 1306 1056 P.
1356 993 1709 1057 Cornelius,
1801 993 1900 1056 Ea
1943 1016 2047 1058 res
2094 1017 2133 1058 a
2170 994 2405 1059 Volca-

289 1101 321 1148 2
360 1084 488 1168 cio,
535 1084 648 1166 qui
693 1082 938 1146 Romae
984 1082 1085 1145 ius
1133 1082 1307 1165 dicit,
1355 1082 1591 1145 reiecta
1636 1082 1704 1145 in
1744 1080 2020 1145 Galliam
2058 1086 2172 1146 est.
2239 1082 2403 1147 Peto

361 1194 400 1234 a
442 1175 508 1234 te
562 1171 686 1234 hoc
734 1170 1107 1255 diligentius
1116 1221 1133 1253 ,
1191 1192 1385 1253 quam
1430 1170 1485 1233 si
1530 1191 1675 1233 mea
1728 1191 1830 1233 res
1876 1174 2067 1254 esset,
2126 1192 2259 1255 quo
2308 1176 2405 1235 est

358 1259 694 1323 honestius
741 1259 818 1321 de
863 1258 1216 1321 amicorum
1261 1259 1534 1341 pecunia
1568 1258 1863 1321 laborare
1910 1280 2103 1341 quam
2144 1259 2223 1322 de
2270 1280 2403 1342 sua,
2432 1275 2481 1312 1⁰

361 1351 435 1410 ut
478 1346 816 1432 negotium
862 1345 1330 1409 conficiendum
1376 1367 1583 1431 cures,
1630 1347 1767 1429 ipse
1813 1347 2124 1429 suscipias
2133 1399 2150 1430 ,
2198 1351 2405 1410 trans-

363 1435 502 1519 igas
573 1455 960 1516 operamque
1031 1434 1171 1517 des,
1237 1434 1451 1516 quoad
1508 1434 1634 1497 tibi
1692 1455 1967 1517 aequum
2028 1439 2094 1498 et
2154 1439 2408 1498 rectum

361 1521 713 1605 videbitur,
774 1527 846 1584 ut
893 1542 1087 1604 quam
1134 1522 1653 1585 commodissima
1707 1523 2081 1586 condicione
2126 1523 2407 1586 libertus

365 1608 722 1693 Strabonis,
769 1609 880 1692 qui
919 1610 1056 1672 eius
1093 1610 1189 1673 rei
1225 1631 1415 1674 causa
1450 1610 1683 1673 missus
1720 1615 1835 1694 est,
1880 1611 2221 1696 negotium
2260 1633 2409 1675 con-
2557 1683 2558 1686 Ἴ

363 1697 539 1762 ficiat
593 1696 673 1761 ad
725 1718 1153 1781 nummosque
1207 1698 1557 1781 perveniat.
1647 1697 1725 1761 Id
1779 1702 1844 1762 et
1896 1698 2060 1761 mihi
2115 1700 2408 1784 gratissi·
2433 1713 2483 1753 15
2557 1699 2558 1706 ἶ

363 1807 544 1849 mum
605 1785 751 1869 erit,
817 1790 882 1849 ct
940 1789 1014 1849 tu
1073 1786 1211 1869 ipse
1273 1785 1345 1849 L.
1402 1785 1649 1849 Titium
1708 1807 2053 1871 cognosces
2118 1788 2409 1851 amicitia

365 1878 480 1938 tua
534 1873 1005 1959 dignissimum.
1098 1873 1286 1950 Quod
1338 1877 1413 1936 ut
1468 1874 1592 1937 tibi
1649 1895 1835 1937 curae
1892 1874 2001 1958 sit,
2055 1879 2131 1938 ut
2190 1877 2410 1940 omnia

367 1963 576 2026 solent
633 1983 795 2046 esse,
851 1983 1014 2046 quae
1068 1983 1172 2026 me
1217 1961 1385 2026 velle
1430 1963 1578 2046 sciS,
1638 1966 1703 2026 te
1749 1963 2165 2028 vehementer
2210 1965 2409 2028 etiam

365 2055 559 2134 atque
607 2051 802 2115 etiam
848 2071 1027 2136 rog0.

1316 2241 1458 2306 XV.
2434 2261 2478 2298 20

599 2364 713 2418 Ser.
751 2364 960 2418 Romae
995 2365 1080 2418 vel
1114 2380 1196 2417 ex.
1235 2381 1289 2418 a.
1332 2366 1444 2418 708
1485 2366 1605 2432 (46)
1643 2365 1729 2418 vel
1763 2365 1841 2418 in.
1883 2366 1994 2418 709
2034 2366 2174 2431 (45).

947 2485 1203 2540 CICERO
1243 2484 1551 2538 CAESARI
1592 2485 1739 2541 IMP.
1778 2485 1831 2540 S.

499 2629 848 2693 Precilium
893 2629 1018 2693 tibi
1057 2629 1436 2692 commendo
1483 2630 1686 2714 unice,
1732 2630 1832 2693 tui
1872 2630 2236 2714 necessarii,
2281 2630 2411 2694 mei

369 2717 889 2801 familiarissimi,
953 2717 1078 2780 viri
1135 2717 1395 2800 optimi,
1449 2717 1675 2780 filium.
1777 2717 1983 2793 Quem
2046 2739 2194 2782 cum
2261 2718 2410 2782 adu-

367 2807 714 2869 lescentem
749 2806 963 2890 ipsum
1007 2808 1274 2888 propter
1312 2806 1448 2868 eius
1484 2805 1884 2890 modestiam,
1918 2805 2409 2891 humanitatem,
2436 2820 2481 2860 85

369 2895 657 2958 animum
694 2898 758 2957 et
796 2914 1079 2957 amorem
1118 2914 1272 2978 erga
1308 2914 1410 2956 1116
1448 2893 1842 2979 singularem
1886 2894 2159 2957 mirifice
2206 2894 2409 2980 diligo

367 2986 511 3045 tum
573 2986 848 3066 patrem'
889 2982 1025 3046 eius
1083 3003 1152 3044 re
1214 2982 1441 3044 doctus
1499 2982 1793 3046 intellexi
1856 2986 1921 3045 et
1986 2982 2184 3046 didici
2246 2982 2410 3046 mihi

371 3070 568 3133 fuisse
626 3091 879 3154 semper
931 3069 1409 3134 amicissimum.
1500 3069 1626 3132 Em
1679 3070 1788 3133 hic
1835 3069 1944 3133 ille
1991 3074 2091 3134 est
2138 3069 2215 3134 de
2264 3071 2410 3154 illis,

370 3157 650 3221 maxime
707 3159 820 3242 qui
873 3158 1150 3221 inridere
1211 3161 1405 3240 atque
1461 3157 1804 3243 obiurgare
1859 3180 1962 3221 me
2020 3157 2253 3222 solitus
2299 3162 2409 3242 est,

374 3245 547 3329 quod
591 3267 695 3322 me
740 3266 872 3309 non
917 3250 1156 3329 tecum,
1209 3245 1591 3328 praesertim
1637 3267 1785 3310 cum
1830 3267 1943 3329 aps
1989 3249 2054 3310 te
2100 3246 2407 3310 honorifi-
2432 3261 2479 3299 ³⁰
2557 3315 2558 3332 χ

374 3332 739 3396 centissime
786 3334 1121 3417 invitarer,
1178 3333 1661 3418 coniungerem3
2557 3334 2558 3382 Ψ

465 3453 634 3517 ξἀλλ’
686 3455 846 3539 ἐμὸν
892 3457 974 3520 οὔ
1019 3477 1176 3520 ποτε
1223 3455 1451 3538 θυμὸν
1496 3454 1597 3519 ἑνὶ
1644 3459 2007 3540 στήθεσσιν
2054 3457 2365 3521 ἔπειθενῆ
