2567 3884
297 148 433 209 442
1080 146 1595 200 EPISTULARUM

292 290 598 353 dilectum
642 290 879 354 habere
923 290 1221 354 noluerit.
1291 288 1464 353 Nam
1499 288 1821 353 sociorum
1857 287 2096 351 auxilia
2130 309 2332 372 prop-

290 382 393 441 ter
446 378 861 442 acerbitatem
913 382 1105 461 atque
1160 378 1430 441 iniurias
1481 376 1737 460 imperii
1794 376 2001 439 nostri
2063 380 2176 439 aut
2229 376 2330 439 ita

292 466 616 531 imbecilla
661 469 827 551 sunt,
874 469 949 529 ut
983 487 1114 530 non
1150 466 1430 529 multum
1465 486 1584 528 nos
1628 464 1849 528 iuvare
1893 464 2162 548 possint,
2208 467 2330 527 aut

291 554 386 617 ita
440 555 715 618 alienata
768 577 807 617 a
861 554 1082 638 nobie,
1146 557 1219 617 ut
1281 575 1488 654 neque
1551 552 2049 636 exspectandum
2103 551 2184 615 ab
2241 552 2329 615 118

292 665 499 726 neque
528 642 1112 707 committendum
1094 642 1175 705 118
1212 642 1556 725 quicquam
1583 662 1720 705 6886
1745 640 2055 704 videatur.
2120 639 2328 725 Regis
2387 658 2417 697 5

292 730 583 795 Deiotari
620 734 685 794 et
720 730 1121 794 voluntatem
1166 734 1231 793 et
1276 730 1510 813 copiae,
1556 731 2106 812 quantaecumque
2153 732 2329 812 sunt,

291 823 545 882 nostras
590 840 724 882 esse
772 819 965 903 duco;
1013 816 1416 901 Cappadocia
1451 820 1550 881 est
1593 815 1821 900 inania,
1866 816 2102 899 reliqui
2138 838 2330 902 reges

291 907 678 989 tyrannique
722 928 930 990 neque
960 905 1191 989 opibus
1228 906 1384 969 satis
1420 905 1592 968 firmi
1636 926 1757 967 nec
1782 904 2116 969 voluntate
2153 908 2328 967 sunt.

292 993 459 1058 Mihi
512 995 581 1058 in
633 995 755 1057 hac
806 994 1129 1077 paucitate
1183 993 1468 1056 militum
1528 993 1780 1056 animus
1825 996 1995 1056 certe
2039 1014 2174 1056 non
2220 992 2330 1055 de-

292 1082 443 1167 erit,
506 1104 692 1165 spero
750 1103 831 1145 ne
892 1082 1230 1145 consilium
1293 1081 1581 1165 quidem3
1647 1079 1803 1164 quid
1862 1101 2161 1144 casurum
2219 1080 2328 1164 sit,
2356 1099 2412 1137 ιο

293 1170 609 1233 incertum
664 1173 775 1233 est.
865 1169 1136 1234 Utinam
1191 1170 1385 1233 saluti
1437 1172 1696 1232 nostrae
1743 1168 2074 1232 consulere
2120 1169 2330 1252 possi-

291 1260 463 1321 mus!
526 1258 827 1343 dignitati
875 1261 1045 1322 certe
1093 1257 1514 1321 001181116111118.

1265 1483 1350 1549 H.

292 1605 408 1660 Ser.
457 1622 517 1658 m
551 1606 747 1659 castris
791 1608 867 1661 ad
905 1606 1158 1676 Cybistra
1192 1607 1276 1660 vel
1313 1606 1416 1659 XI
1445 1607 1530 1661 vel
1566 1606 1631 1659 X
1663 1606 1736 1659 K.
1782 1605 1893 1659 Oct.
1943 1622 1994 1659 a.
2036 1608 2146 1660 703
2187 1608 2324 1672 (51).

327 1727 402 1782 M.
440 1726 743 1782 TULLIUS
780 1728 854 1783 M.
891 1728 953 1783 F.
994 1727 1249 1783 cionno
1285 1726 1581 1782 PROCOS.
1621 1727 1674 1783 S.
1711 1726 1777 1783 D.
1818 1726 1983 1794 008,
2020 1726 2153 1795 PR„
2193 1727 2305 1781 TR.
2355 1749 2408 1788 1⁵

1052 1815 1178 1883 PL„
1217 1814 1547 1870 SENATm.
1593 1822 1605 1831 ’

427 1957 489 2023 S.
536 1981 593 2023 v.
640 1982 698 2023 v.
745 1959 806 2023 b.
856 1981 905 2023 e.
953 1981 1003 2022 e.
1052 1981 1109 2043 q.
1157 1982 1214 2022 v.
1309 1958 1473 2022 Cum
1529 1981 1624 2042 pr.
1679 1958 1760 2023 K.
1816 1956 1988 2022 Sext.
2051 1957 2121 2021 in
2181 1979 2328 2041 pro-

292 2048 569 2111 vinciam
614 2048 930 2111 venissem
975 2068 1182 2130 neque
1226 2047 1543 2110 maturius
1595 2049 1863 2131 propter
1905 2046 2217 2110 itinerum
2263 2050 2328 2109 et

291 2135 778 2220 navigationum
836 2135 1283 2199 difficultatem
1337 2135 1555 2199 venire
1609 2135 1989 2219 potuissem,
2046 2135 2326 2197 maxime

294 2224 633 2285 convenire
690 2224 905 2286 officio
958 2244 1103 2286 meo
1157 2222 1378 2306 reique
1432 2245 1494 2305 p.
1542 2222 1892 2287 conducere
1945 2223 2175 2305 putavi
2219 2244 2326 2305 pa·
2353 2242 2407 2281 20

293 2332 435 2373 rare
472 2331 562 2393 ea,
611 2332 773 2393 quae
818 2311 901 2373 ad
945 2310 1297 2374 exercitum
1343 2331 1633 2394 quaeque
1679 2311 1759 2373 ad
1803 2333 1939 2373 rem
1974 2310 2324 2373 militarem

290 2397 705 2481 pertinerent.
797 2397 971 2473 Quae
1032 2420 1177 2461 cum
1241 2402 1452 2462 essent
1511 2421 1548 2461 a
1605 2420 1708 2462 me
1771 2420 1924 2461 cura
1986 2398 2198 2483 magis
2263 2401 2326 2461 et

295 2485 632 2571 diligentia
668 2506 860 2570 quam
906 2486 1211 2551 facultate
1249 2490 1314 2549 et
1350 2486 1535 2570 copia
1572 2486 1939 2587 constituta,
1984 2487 2326 2569 nuntiique

294 2577 357 2637 et
410 2573 666 2638 litterae
724 2574 799 2637 de
858 2573 1030 2638 bello
1088 2597 1125 2637 a
1177 2574 1436 2638 Parthis
1489 2575 1560 2637 in
1611 2574 2012 2657 provinciam
2071 2572 2327 2657 Syriam

292 2661 496 2725 inlato
562 2662 796 2725 cotidie
859 2662 992 2725 fere
1056 2662 1485 2745 adferrentur,
1549 2663 1674 2725 iter
1734 2662 1898 2725 mihi
1960 2662 2326 2731 faciendum
2353 2678 2405 2718 25

292 2772 409 2833 per
453 2750 845 2833 Lycaoniam
890 2752 955 2813 et
996 2771 1115 2833 per
1156 2747 1416 2813 Isauros
1461 2753 1526 2813 et
1569 2771 1686 2834 per
1723 2748 2198 2833 Cappadociam
2233 2772 2328 2813 ar-

294 2837 573 2901 bitratus
628 2860 787 2901 sum.
878 2837 1041 2900 Erat
1095 2838 1267 2901 enim
1312 2860 1548 2923 magna
1593 2838 1872 2922 suspicio
1917 2836 2229 2922 Parthos,
2275 2837 2329 2901 si

294 2946 373 2988 ex
421 2924 609 3009 Syria
646 2925 866 3010 egredi
910 2928 1103 3009 atque
1148 2926 1515 3009 inrumpere
1560 2926 1630 2988 in
1674 2948 1884 2990 meam
1927 2926 2329 3010 provinciam

295 3017 696 3097 conarentur,
742 3015 868 3076 iter
904 3035 1011 3077 608
1045 3035 1163 3096 per
1196 3012 1683 3098 Cappadociam,
1731 3014 1905 3098 quod
1940 3036 2014 3077 ea
2049 3014 2330 3077 maxime

294 3104 569 3185 pateret,
628 3122 763 3165 esse
818 3102 1118 3174 facturos,
1208 3100 1437 3185 Itaque
1484 3123 1630 3166 cum
1675 3102 1960 3166 exercitu
2005 3123 2124 3185 per
2171 3101 2330 3185 Cap·
2355 3118 2404 3157 3⁰

292 3189 597 3271 padociae
648 3192 900 3273 partem
946 3211 1111 3273 eam,
1159 3210 1322 3272 quae
1369 3211 1515 3253 cum
1563 3189 1789 3254 Cilicia
1834 3190 2170 3254 continens
2217 3193 2331 3271 est,

294 3276 420 3339 iter
463 3277 587 3339 feci
634 3280 965 3359 castraque
1012 3278 1093 3339 ad
1140 3275 1466 3361 Cybistra,
1523 3277 1697 3361 quod
1752 3278 2061 3362 oppidum
2109 3280 2208 3342 est
2253 3278 2334 3341 ad

294 3366 585 3427 montem
631 3362 940 3448 Taurum,
985 3365 1221 3448 locavi,
1267 3367 1343 3427 ut
1386 3364 1764 3450 ArtuasdeS,
1812 3388 1927 3430 rex
1966 3365 2331 3449 ArmeniuS,

300 3471 707 3534 quocumque
752 3452 966 3516 animo
1014 3456 1195 3536 esset,
1242 3452 1435 3516 sciret
1478 3475 1610 3517 non
1655 3454 1884 3537 procul
1929 3476 1967 3517 a
2011 3454 2146 3518 81118
2191 3454 2332 3519 fini-
