2567 3884
617 962 753 1027 AD
817 962 1303 1040 QUINTUM
1366 964 1871 1030 FRATREM

948 1102 1162 1155 LIBER
1208 1104 1531 1159 TERTIUS.

1205 1262 1255 1328 Ι.

833 1384 946 1439 Ser.
984 1401 1054 1439 m.
1095 1383 1240 1453 Sept.
1278 1402 1330 1439 α.
1371 1390 1481 1440 700
1520 1388 1656 1454 (54).

168 1529 194 1569 5
579 1505 872 1559 MARCUS
911 1504 1183 1571 QUINTO
1229 1506 1502 1559 FRATRI
1540 1507 1893 1563 SALUTEM.

361 1632 506 1718 Ego
566 1653 644 1696 ex
703 1631 954 1717 magnis
1015 1632 1335 1695 caloribus
1396 1630 1555 1718 (non
1614 1634 1785 1697 enim
1842 1632 2252 1697 meminimus
2292 1632 2316 1679 1

223 1716 530 1805 maiores)
577 1720 646 1782 in
690 1718 992 1803 Arpinati
1053 1742 1301 1783 summa
1348 1742 1492 1783 cum
1538 1722 1922 1785 amoenitate
1966 1719 2253 1783 fluminis

224 1831 331 1873 me
386 1808 581 1872 refeci
633 1808 933 1871 ludorum
989 1807 1214 1871 diebus
1265 1808 1621 1872 Philotimo
1679 1808 2031 1872 tribulibus
2086 1829 2253 1871 com-

226 1896 559 1961 mendatis.
649 1894 727 1958 In
781 1895 1035 1959 Arcano
1090 1918 1142 1958 a.
1192 1896 1246 1957 d.
1304 1914 1408 1958 1111
1460 1894 1612 1959 Idus
1672 1895 2080 1980 Septembres
2138 1895 2251 1957 fui.

146 2006 198 2043 ιο
224 1984 331 2049 Ibi
375 1983 756 2048 Mescidium
803 2006 948 2047 cum
983 1982 1341 2047 Philoxeno
1390 2006 1763 2067 aquamque,
1810 2005 2001 2067 quam
2048 1983 2095 2045 ii
2143 1982 2253 2045 du-

228 2073 460 2137 cebant
516 2094 646 2136 non
706 2072 900 2157 longe
960 2095 996 2133 a
1055 2072 1235 2155 villa,
1300 2072 1465 2135 belle
1525 2093 1675 2135 sane
1736 2072 2042 2135 fluentem
2100 2070 2253 2153 vidi,

226 2160 604 2246 praesertim
661 2160 944 2223 maxima
1004 2159 1314 2243 siccitate,
1378 2160 1867 2243 uberioremque
1922 2159 2252 2241 aliquanto

227 2270 365 2312 sese
393 2248 793 2312 conlecturos
831 2270 965 2310 esse
1005 2247 1315 2311 dicebant.
1380 2247 1574 2331 Apud
1608 2246 1855 2311 Herum
1892 2251 2062 2311 recte
2100 2250 2251 2311 erat.

225 2335 306 2400 In
340 2335 694 2399 Maniliano
743 2336 979 2399 offendi
1023 2335 1365 2418 Diphilum
1410 2336 1675 2419 Diphilo
1722 2336 2097 2419 tardiorem,
2144 2335 2254 2399 sed

150 2443 200 2482 15
227 2429 446 2487 tamen
499 2423 666 2486 nihil
722 2424 780 2486 ei
833 2423 1118 2487 restabat
1171 2428 1425 2507 praeter
1478 2424 1803 2487 balnearia
1849 2428 1912 2487 et
1972 2423 2256 2487 ambula-

228 2513 473 2576 tionem
503 2515 567 2574 et
593 2511 920 2575 aviarium.
984 2510 1162 2575 Villa
1196 2512 1359 2575 mihi
1395 2512 1578 2576 valde
1613 2513 1871 2596 placuit,
1916 2515 2256 2595 propterea

231 2600 405 2683 quod
469 2622 783 2663 summam
849 2600 1228 2685 dignitatem
1300 2600 1735 2683 pavimentata
1796 2600 2083 2683 porticus
2145 2597 2255 2660 ha-

230 2688 443 2770 bebat,
500 2688 673 2770 quod
715 2686 879 2750 mihi
925 2709 1094 2751 nunc
1150 2688 1441 2770 denique
1470 2688 1791 2772 apparuit,
1836 2691 2254 2771 posteaquam

231 2779 298 2839 et
342 2776 482 2858 ipsa
533 2779 674 2838 tota
716 2779 919 2859 patet,
981 2779 1044 2839 et
1091 2776 1423 2839 columnae
1477 2776 1715 2859 politae
1762 2778 1925 2838 sunt.
2018 2774 2256 2836 Totum

151 2881 204 2921 20
231 2864 301 2925 in
349 2884 424 2926 eo
471 2866 593 2946 est,
640 2863 813 2946 quod
857 2862 1019 2926 mihi
1067 2863 1190 2926 erit
1235 2885 1453 2946 curae,
1498 2863 1841 2926 tectorium
1886 2866 1959 2925 ut
2006 2861 2257 2924 concin-

229 2972 388 3013 num
449 2950 547 3014 sit.
639 2950 1015 3014 Pavimenta
1074 2954 1244 3014 recte
1302 2950 1444 3014 fieri
1502 2950 1916 3034 videbantu13
1976 2970 2256 3012 cameras

233 3039 539 3122 quasdam
594 3061 724 3103 non
780 3038 1051 3122 probavi
1105 3038 1471 3121 mutarique
1528 3038 1700 3101 iussi.
1794 3037 1934 3113 Quo
1988 3038 2131 3101 loco
2186 3037 2255 3099 in
2294 3054 2323 3099 2

230 3126 486 3210 porticu
520 3130 586 3190 te
625 3127 900 3190 scribere
940 3127 1120 3189 aiunt
1163 3130 1238 3190 ut
1282 3126 1587 3189 atriolum
1631 3126 1763 3209 fiat,
1807 3125 1988 3209 mihi,
2033 3128 2105 3187 ut
2144 3129 2256 3209 est,

229 3215 438 3299 magis
483 3214 792 3297 placebat.
881 3213 1111 3297 Neque
1155 3214 1326 3279 enim
1368 3214 1523 3277 satis
1566 3213 1692 3277 loci
1737 3213 2076 3276 videbatur
2121 3234 2255 3276 esse

149 3320 202 3360 25
233 3302 494 3385 atriolo,
549 3322 740 3383 neque
791 3303 924 3365 fere
979 3302 1141 3365 solet
1193 3302 1323 3365 nisi
1376 3302 1444 3365 in
1498 3302 1578 3365 118
1625 3301 1929 3365 aedificiis
1974 3301 2140 3385 fieri,
2186 3302 2257 3364 in

233 3390 469 3473 quibus
515 3394 612 3453 est
657 3390 892 3453 atrium
937 3390 1142 3453 maius
1156 3441 1174 3473 ,
1218 3412 1337 3453 nec
1380 3390 1616 3454 habere
1660 3393 1915 3474 poterat
1959 3390 2258 3453 adiuncta

233 3476 528 3542 cubicula
575 3481 638 3541 et
684 3477 820 3541 eius
865 3478 1042 3540 modi
1086 3478 1391 3542 membra.
1438 3478 1629 3543 Nunc
1664 3480 1711 3563 †
1746 3478 1870 3543 hoc
1914 3479 2018 3542 vel
2060 3477 2257 3541 hone-
