2567 3884
940 204 1159 258 LIBER
1194 205 1271 257 IX
1308 211 1536 262 22—24.
2108 207 2241 270 255

201 345 526 430 Exspecta
585 347 789 432 igitur
848 347 1172 430 hospitem
1236 369 1382 411 cum
1441 347 1707 411 minime
1772 348 2029 411 edacem
2097 351 2241 414 tum

201 433 540 514 inimicum
587 436 762 499 cenis
809 437 1220 519 sumptuosis.

1109 591 1346 658 XXIV.

511 711 627 767 861.
666 713 874 769 Romae
909 720 1037 768 ante
1071 715 1207 768 med.
1245 731 1315 769 m.
1357 713 1516 769 Febr.
1556 731 1606 769 a.
1649 717 1755 768 711
1796 716 1933 782 (43).

149 857 176 896 5
849 835 1105 890 CICERO
1149 835 1387 890 PAETO
1438 836 1489 892 S.
1527 835 1593 890 D.

336 960 584 1024 Rufum
639 960 862 1045 istum,
923 961 1200 1024 amicum
1245 964 1457 1046 tuum,
1518 962 1594 1025 de
1642 983 1769 1046 quo
1826 962 2062 1026 iterum
2107 962 2237 1026 iam
2278 982 2306 1029 1

204 1049 288 1111 ad
331 1070 436 1112 me
473 1048 719 1134 scribiS,
767 1049 1151 1133 adiuvarem,
1199 1053 1512 1132 quantum
1548 1071 1819 1134 possem,
1867 1051 2117 1114 etiamsi
2154 1052 2236 1115 ab

205 1157 280 1200 eo
327 1137 537 1200 laesus
583 1158 803 1221 essem,
850 1159 996 1200 cum
1045 1140 1110 1201 te
1156 1141 1491 1222 tantopere
1537 1138 1821 1202 viderem
1867 1138 2003 1203 eius
2049 1160 2238 1202 causa

203 1225 526 1310 laborare3
581 1247 728 1289 cum
772 1247 924 1289 vero
981 1229 1045 1289 et
1098 1247 1178 1289 ex
1230 1226 1363 1290 tuis
1418 1226 1654 1290 litteris
1699 1229 1765 1291 et
1810 1247 1889 1290 ex
1934 1227 2111 1290 illius
2156 1228 2239 1290 ad

126 1335 178 1372 10
204 1334 307 1376 me
352 1276 567 1377 missis
621 1313 991 1399 intellegam
1047 1316 1112 1377 et
1166 1314 1443 1377 iudicem
1487 1335 1758 1400 magnae
1804 1335 1989 1378 curae
2036 1315 2095 1379 ei
2142 1314 2237 1378 sa-

203 1401 408 1464 lutem
461 1422 672 1464 meam
725 1401 948 1485 fuisse,
1001 1423 1133 1464 non
1185 1423 1449 1486 possum
1502 1401 1563 1465 ei
1614 1423 1747 1466 non
1792 1403 2035 1467 amicus
2080 1425 2234 1488 esse,

203 1511 413 1572 neque
467 1489 676 1553 solum
729 1492 842 1552 tua
896 1490 1473 1573 commendatione,
1534 1512 1696 1573 quae
1749 1491 1920 1574 apud
1972 1513 2101 1576 me,
2161 1497 2235 1555 ut

206 1577 414 1662 debet,
460 1578 632 1641 valet
676 1577 1052 1661 plurimum,
1099 1577 1212 1640 sed
1255 1579 1452 1642 etiam
1496 1579 1828 1642 voluntate
1876 1600 1949 1642 ac
1992 1543 2232 1644 111(11610

202 1687 366 1729 meo,
457 1664 628 1729 Volo
694 1665 864 1729 enim
927 1668 992 1729 te
1056 1665 1243 1750 scire,
1308 1667 1399 1729 mi
1461 1664 1682 1751 Paete,
1745 1667 2007 1731 initium
2069 1668 2233 1731 mihi

121 1774 173 1813 15
203 1753 589 1837 suspicionis
653 1757 717 1817 et
780 1752 1094 1817 cautionis
1157 1757 1222 1818 et
1288 1754 1658 1840 diligentiae
1722 1754 1918 1818 fuisse
1982 1756 2233 1819 litteras

199 1845 347 1905 tuas
355 1892 373 1925 ,
431 1840 665 1924 quibus
719 1841 954 1906 litteris
1010 1845 1434 1928 congruentes
1488 1842 1747 1905 fuerunt
1802 1843 1963 1906 aliae
2008 1846 2232 1926 postea

199 1930 574 1994 multorum.
636 1928 808 1994 Nam
845 1934 908 1992 et
943 1927 1189 2014 Aquini
1226 1933 1291 1994 et
1325 1929 1733 1994 Fabrateriae
1781 1930 2047 1994 consilia
2082 1935 2233 1994 sunt

200 2018 366 2082 111113
422 2017 500 2080 (16
553 2038 680 2102 1116,
737 2039 898 2118 quae
956 2020 1022 2081 te
1067 2018 1253 2081 video
1300 2017 1646 2103 inaudisse,
1707 2021 1795 2102 et,
1844 2018 2026 2101 quasi
2072 2018 2232 2081 divi-

201 2109 458 2189 narent,
514 2126 708 2189 quam
761 2105 842 2169 iis
895 2107 1204 2169 molestus
1250 2127 1454 2170 essem
1508 2107 1764 2170 futurus
1771 2157 1789 2190 ,
1844 2106 2011 2170 nihil
2055 2106 2233 2170 aliud

122 2213 174 2252 20
202 2196 493 2280 egerunt,
536 2192 663 2256 nisi
708 2214 811 2257 me
855 2197 929 2257 ut
965 2194 1416 2279 opprimerent.
1481 2194 1668 2271 Quod
1703 2215 1824 2280 ego
1861 2216 1993 2258 non
2030 2195 2232 2280 suspi-

201 2304 352 2346 cans
418 2280 738 2345 incautior
798 2281 1091 2366 fuissem,
1163 2282 1290 2346 nisi
1354 2305 1391 2346 a
1452 2286 1517 2346 te
1581 2282 1947 2346 admonitus
2010 2304 2229 2347 essem.

202 2369 411 2446 Quam
468 2369 552 2433 ob
607 2391 743 2433 rem
796 2369 918 2433 iste
976 2373 1127 2433 tuus
1172 2371 1414 2434 amicus
1469 2370 1641 2454 apud
1683 2393 1787 2434 me
1833 2373 2232 2435 commenda-

200 2459 381 2522 tione
426 2478 560 2522 non
606 2459 767 2543 eget.
856 2456 1125 2522 Utinam
1171 2481 1246 2522 ea
1290 2459 1551 2521 fortuna
1595 2459 1690 2522 rei
1732 2482 1794 2544 p.
1842 2461 1955 2545 sit,
2001 2463 2073 2524 ut
2120 2460 2229 2524 ille

199 2549 490 2611 animum
551 2567 766 2609 meum
827 2546 1266 2631 gratissimum
1327 2546 1533 2631 possit
1596 2550 2013 2633 cognoscere!
2106 2547 2233 2612 Sed

126 2652 174 2691 25
200 2634 361 2700 haec
406 2634 731 2697 hactenus,

334 2721 428 2785 Te
465 2721 547 2784 ad
583 2741 767 2785 cenas
804 2721 964 2785 itare
1003 2721 1236 2786 desisse
1272 2722 1541 2786 moleste
1578 2723 1743 2809 fero;
1787 2745 2023 2809 magna
2058 2723 2229 2786 enim
2268 2743 2299 2788 2

199 2813 266 2875 te
313 2810 735 2874 delectatione
781 2815 846 2873 et
889 2810 1221 2893 voluptate
1265 2810 1566 2895 privasti3
1614 2811 1841 2874 deinde
1888 2811 2081 2874 etiam
2128 2833 2232 2874 ve-

200 2919 348 2963 reor
403 2895 583 2985 (licet
637 2897 809 2962 enim
861 2919 1087 2962 verum
1132 2896 1397 2984 dicere),
1452 2920 1533 2962 ne
1587 2899 1802 2962 nescio
1850 2899 2007 2982 quid
2050 2898 2229 2984 illud,

202 2986 378 3070 quod
437 2986 714 3070 solebas,
775 2985 1059 3050 dediscas
1113 2989 1178 3050 et
1225 2986 1629 3070 obliviscare,
1690 2988 1945 3050 cenulas
2004 2987 2227 3050 facere.

125 3093 175 3132 8⁰
199 3073 391 3159 Nam,
438 3073 494 3137 si
537 3077 704 3158 tum,
752 3095 898 3137 cum
941 3074 1250 3159 habebas,
1298 3096 1460 3158 quos
1506 3075 1846 3158 imitarere,
1891 3096 2025 3138 non
2069 3074 2231 3137 mul-

200 3166 343 3226 tum
385 3161 788 3247 proficiebaS,
835 3161 992 3246 quid
1036 3183 1208 3225 nunc
1251 3166 1317 3226 te
1363 3164 1684 3226 facturum
1728 3163 1996 3246 putem?
2070 3160 2231 3245 Spu-

201 3251 390 3314 rinna
450 3250 708 3334 quidem
722 3300 741 3333 ,
800 3271 944 3313 cum
1001 3251 1060 3314 ei
1115 3272 1251 3314 rem
1316 3252 1850 3316 demonstrassem
1908 3255 1974 3314 et
2028 3250 2230 3313 vitam

199 3343 382 3403 tuam
419 3338 816 3422 superiorem
842 3338 1297 3423 exposuissem,
1333 3360 1641 3424 magnum
1675 3338 2035 3420 periculum
2064 3359 2232 3402 sum-

199 3449 343 3491 mae
397 3427 493 3490 rei
547 3448 608 3510 p.
656 3426 1160 3511 demonstrabat,
1214 3428 1342 3490 nisi
1395 3427 1476 3491 ad
1530 3425 1925 3510 superiorem
1971 3447 2232 3490 consue-

123 3531 175 3570 35
199 3514 494 3579 tudinem
551 3518 720 3599 tum,
785 3535 930 3578 cum
988 3514 1311 3579 Favonius
1367 3516 1579 3600 flaret,
1643 3515 2044 3601 revertisses3
2107 3516 2233 3580 hoc
