2567 3884
947 192 1164 247 LIBER
1199 192 1251 245 X
1290 198 1337 260 7,
1376 198 1425 247 e.
2070 191 2199 255 267

178 337 390 401 siones
444 337 526 400 ad
579 336 1028 420 opitulandum
1080 336 1412 419 haberem,
1458 335 1820 419 expeditius
1865 335 1990 398 iter
2036 356 2203 398 com-

176 426 392 490 munis
437 425 662 489 salutis
708 447 900 508 quam
945 446 1124 487 meae
1167 424 1377 487 laudis
1414 445 1549 487 esse
1585 423 1779 487 volui.
1850 422 2023 488 Nam
2060 424 2205 506 quis

178 514 248 577 in
294 536 368 577 ea
411 514 696 597 fortuna,
753 534 914 596 quae
959 534 1102 575 mea
1147 515 1269 595 est,
1325 515 1389 575 et
1434 511 1518 575 ab
1564 532 1637 575 ea
1682 511 1840 595 vita,
1898 533 2089 595 quam
2136 512 2204 574 in

176 623 280 665 me
317 602 643 687 cognitam
687 600 1060 664 hominibus
1095 600 1394 683 arbitror,
1441 603 1505 663 et
1543 620 1689 663 cum
1726 621 1799 662 ea
1836 620 1965 683 spe,
2012 621 2206 682 quam

119 700 147 740 5
177 690 246 753 in
299 690 598 753 manibus
650 689 885 773 habeo,
945 692 1057 752 aut
1110 688 1441 752 sordidum
1501 688 1845 772 quicquam
1902 688 2040 771 pati
2094 690 2206 750 aut

173 778 608 861 perniciosum
635 778 1080 861 concupiscere
1109 777 1366 859 potest?
1416 774 1542 839 Sed
1576 776 1979 859 aliquantum
2014 775 2205 839 nobis
2243 796 2275 844 3

175 867 486 950 temporis
541 868 607 929 et
664 866 883 951 magni
937 865 1191 928 labores
1246 868 1313 928 et
1365 864 1607 928 multae
1663 864 1987 947 impensae
2044 885 2205 947 opus

173 954 453 1038 fuerunt,
500 958 589 1037 ut,
637 976 799 1036 quae
835 954 930 1017 rei
964 976 1024 1037 p.
1054 953 1370 1037 bonisque
1400 952 1700 1015 omnibus
1736 951 2206 1035 polliceremur,

173 1042 354 1105 exitu
415 1046 884 1125 praestaremus
946 1062 1152 1124 neque
1217 1041 1299 1103 ad
1361 1040 1675 1104 auxilium
1737 1040 1983 1124 patriae
2046 1040 2204 1102 nudi

88 1142 144 1180 10
175 1150 322 1193 cum
357 1130 529 1193 bona
563 1131 912 1212 voluntate,
959 1129 1070 1192 sed
1105 1149 1252 1192 cum
1289 1129 1705 1192 facultatibus
1746 1128 2203 1191 accederemus.

175 1216 667 1281 Confirmandus
713 1221 849 1282 erat
895 1217 1212 1281 exercitus
1255 1217 1447 1280 nobis
1494 1216 1749 1302 magnis
1794 1237 1980 1299 saepe
2025 1237 2205 1299 prae-

120 1384 124 1387 4
173 1306 323 1368 miis
383 1306 794 1389 sollicitatuS,
855 1308 929 1369 ut
983 1305 1064 1368 ab
1119 1327 1188 1368 re
1242 1328 1302 1388 p.
1348 1305 1569 1388 potius
1625 1304 1957 1368 moderata
2009 1326 2202 1405 quam

175 1393 257 1455 ab
297 1415 425 1457 uno
471 1394 725 1457 infinita
771 1397 1080 1478 speraret3
1128 1392 1600 1457 confirmandae
1645 1393 2007 1476 complures
2052 1392 2203 1455 civi—

171 1484 370 1565 tateS,
431 1504 592 1566 quae
651 1482 978 1581 superiore
1038 1503 1206 1545 anno
1263 1481 1722 1566 largitionibus
1783 1480 2202 1544 concessioni-

88 1580 142 1620 15
173 1569 422 1653 busque
478 1570 914 1653 praemiorum
972 1573 1154 1633 erant
1214 1569 1562 1655 obligatae,
1620 1572 1695 1631 ut
1754 1572 1819 1632 et
1874 1569 1985 1632 illa
2037 1591 2202 1632 vana

168 1660 475 1740 putarent
537 1662 601 1721 et
663 1658 884 1721 eadem
947 1680 984 1720 a
1046 1657 1423 1722 melioribus
1486 1657 1857 1721 auctoribus
1926 1656 2202 1740 petenda

133 1807 136 1809 ,
171 1746 641 1831 existimarent3
706 1745 1052 1810 eliciendae
1115 1745 1311 1809 etiam
1364 1745 1731 1809 voluntates
1786 1745 2201 1829 reliquorum,

171 1833 285 1916 qui
331 1834 626 1898 finitimis
679 1834 1030 1917 provinciis
1075 1833 1590 1916 exercitibusque
1638 1834 2079 1916 praefuerunt,
2127 1837 2201 1896 ut

167 1921 389 2004 potius
434 1942 581 1986 cum
634 1922 930 2005 pluribus
983 1922 1357 1985 societatem
1404 1921 1834 1985 defendendae
1878 1921 2200 1984 libertatis

87 2023 141 2060 20
171 2010 481 2073 iniremus
537 2032 731 2093 quam
787 2032 934 2074 cum
990 2010 1403 2093 paucioribus
1447 2010 1768 2073 funestam
1814 2008 1960 2072 orbi
2003 2012 2200 2072 terrar-

170 2119 318 2160 rum
352 2098 690 2161 victoriam
734 2098 1138 2181 partiremur.
1203 2097 1538 2161 Muniendi
1582 2119 1736 2161 vero
1782 2100 2035 2160 nosmet
2071 2096 2197 2179 ipsi
2236 2114 2270 2162 4

171 2185 413 2249 fuimus
449 2189 637 2250 aucto
675 2186 960 2249 exercitu
997 2186 1380 2269 auxiliisque
1415 2185 1879 2269 multiplicatis,
1914 2187 2005 2268 ut,
2052 2206 2199 2247 cum

170 2273 636 2355 praeferremus
682 2296 903 2337 sensus
949 2278 1192 2357 aperte,
1239 2278 1381 2337 tum
1426 2274 1623 2338 etiam
1668 2274 1891 2337 invitis
1938 2273 2199 2357 quibus-

173 2360 321 2423 dam
365 2360 532 2444 sciri,
580 2362 736 2444 quid
780 2362 1101 2425 defensuri
1147 2384 1453 2446 essemus,
1499 2383 1631 2425 non
1676 2365 1841 2425 esset
1885 2361 2199 2446 periculo-

89 2462 142 2501 25
173 2470 333 2511 sum.
397 2446 499 2512 Ita
529 2472 880 2533 numquam
909 2450 1240 2513 diffitebor
1273 2450 1481 2513 multa
1514 2472 1635 2534 me,
1672 2453 1745 2513 ut
1781 2449 1863 2513 ad
1898 2450 2198 2513 effectum

170 2537 406 2599 horum
464 2537 877 2601 consiliorum
930 2539 1359 2621 pervenirem,
1415 2542 1479 2601 et
1534 2538 1866 2601 simulasse
1920 2538 2199 2601 invitum

169 2628 236 2687 et
283 2624 713 2689 dissimulasse
759 2648 904 2689 cum
951 2626 1198 2710 dolore,
1254 2626 1453 2710 quod,
1507 2630 1915 2709 praematura
1962 2625 2199 2689 denun-

168 2712 357 2776 tiatio
416 2712 573 2775 boni
632 2713 789 2777 civis
847 2714 1148 2797 imparati
1209 2736 1401 2797 quam
1454 2715 1815 2798 periculosa
1868 2717 2059 2797 esset,
2120 2735 2199 2777 ex

169 2822 320 2864 casu
367 2801 670 2886 conlegae
715 2802 1027 2865 videbam.
1121 2800 1262 2878 Quo
1308 2803 1570 2866 nomine
1615 2803 1810 2866 etiam
1844 2801 1924 2888 ιΟ.
1953 2801 2197 2865 Furnio
2235 2818 2267 2866 5

84 2904 141 2943 30
167 2889 384 2974 legato
393 2940 410 2973 ,
475 2889 616 2953 viro
677 2889 833 2953 forti
891 2895 1084 2975 atque
1143 2894 1432 2974 strenuo,
1496 2891 1685 2974 plura
1742 2890 1939 2954 etiam
1998 2890 2197 2953 verbo

169 2999 365 3060 quam
427 2977 745 3061 scriptura
805 2979 1108 3041 mandata
1171 2978 1492 3063 dedimus-3,
1557 2982 1630 3041 ut
1694 2982 1759 3041 et
1820 2978 2055 3041 tectius
2119 2977 2200 3040 ad

167 3086 284 3128 vos
328 3065 796 3149 perferrentur,
857 3070 921 3130 et
965 3087 1084 3130 nos
1130 3088 1411 3130 essemus
1470 3066 1774 3151 tutioreS,
1836 3066 2199 3149 quibusque

167 3152 361 3216 rebus
397 3156 463 3217 et
498 3174 904 3218 communem
939 3155 1212 3218 salutem
1247 3154 1489 3218 muniri
1527 3158 1591 3217 et
1626 3176 1744 3219 nos
1782 3154 2018 3217 armari
2055 3175 2200 3217 con—

167 3241 441 3325 veniret,
500 3243 957 3326 praecepimus,
1049 3242 1152 3330 Ex
1199 3264 1327 3325 quo
1374 3242 1665 3329 intellegi
1719 3246 1935 3326 potest
1982 3263 2200 3305 curam

84 3343 140 3384 35
169 3330 262 3392 rei
307 3352 367 3412 p.
417 3350 701 3394 summae
749 3330 1188 3393 defendundae
1233 3331 1365 3394 iam
1417 3331 1670 3413 pridem
1716 3330 1887 3413 apud
1931 3352 2049 3394 nos
2097 3352 2201 3394 ex-

169 3417 420 3481 cubare.

298 3504 508 3589 Nunc,
566 3527 712 3569 cum
773 3506 963 3569 deum
1008 3506 1409 3591 benignitate
1470 3507 1551 3571 ab
1614 3507 1792 3571 omni
1850 3528 1919 3571 re
1980 3530 2201 3571 sumus
2240 3526 2271 3573 6
