2567 3884
278 149 363 213 92
1032 146 1549 202 EPISTULARUM

281 291 622 356 consilium
667 312 799 355 non
846 294 1232 375 anteponam
1277 295 1411 375 tuo,
1457 295 1675 356 tamen
1721 295 1787 356 915
1833 292 2155 356 amicitiae
2202 314 2323 356 no-

281 384 452 445 strae
510 383 796 444 vetustas
857 382 922 443 et
979 382 1093 442 tua
1155 401 1407 443 summa
1466 401 1619 465 erga
1681 401 1785 444 me
1848 380 2321 465 benevolentia,

283 490 445 552 quae
488 467 653 531 mihi
697 467 828 531 iam
873 489 912 530 a
954 466 1233 551 pueritia
1276 471 1391 531 tua
1435 467 1696 554 cognita
1741 471 1864 552 est,
1909 490 2012 533 me
2056 468 2323 533 hortata

283 560 405 641 est,
464 559 538 619 1115
593 577 668 619 99
721 555 1068 619 scriberem
1123 555 1205 618 ad
1258 558 1350 640 te,
1408 578 1570 639 quae
1616 559 1681 620 et
1736 556 1930 620 saluti
1973 560 2123 621 tuae
2170 577 2322 620 con-

285 645 513 708 ducere
577 643 928 708 arbitrarer
987 646 1053 708 et
1113 664 1246 708 non
1307 643 1514 707 aliena
1574 664 1710 708 9999
1772 645 2067 708 ducerem
2128 667 2167 707 a
2227 645 2323 708 di-
2380 662 2413 703 5

373 732 546 796 itate.

283 754 372 818 gn
416 819 562 907 Ego
609 841 756 884 eum
793 823 859 884 te
897 840 1050 904 9999,
1096 819 1209 903 qui
1252 819 1489 885 horum
1528 819 1849 884 malorum
1885 819 2073 883 initia
2106 819 2323 884 multo

285 912 433 973 ante
468 907 725 992 videris,
762 908 1165 972 consulatum
1193 908 1827 1008 magnificentissime
1854 911 2046 992 atque
2074 908 2322 993 optime

284 996 586 1084 gesseriS,
641 996 966 1080 praeclare
1017 995 1310 1080 memini3
1365 998 1479 1060 sed
1532 996 1703 1061 idem
1758 996 1954 1060 etiam
2007 996 2119 1059 illa
2164 997 2322 1082 vidi,

283 1106 492 1168 neque
536 1087 602 1148 te
649 1084 990 1148 consilium
1037 1083 1244 1148 civilis
1290 1047 1447 1148 belli
1493 1084 1587 1149 ita
1629 1084 1894 1172 gerendi
1937 1106 2056 1148 nec
2101 1084 2322 1169 copias
2353 1105 2409 1144 10

289 1171 400 1236 Cn.
459 1171 730 1256 Pompei
784 1194 903 1237 nec
965 1193 1168 1258 genus
1233 1173 1549 1236 exercitus
1606 1174 1883 1257 probare
1941 1194 2321 1256 semperque

287 1283 534 1325 summe
591 1261 940 1347 diffidere3
969 1282 1096 1345 qua
1149 1261 1218 1323 in
1271 1261 1591 1325 sententia
1641 1282 1746 1325 me
1805 1282 2061 1345 quoque
2118 1261 2321 1325 fuisse

285 1349 599 1413 memoria
642 1353 860 1413 tenere
904 1351 971 1412 te
1016 1349 1315 1414 arbitror.
1404 1347 1631 1433 Itaque
1675 1371 1883 1433 neque
1927 1352 2002 1412 tu
2036 1349 2321 1413 multum
2382 1357 2389 1362 “

287 1437 641 1502 interfuisti
695 1437 886 1502 rebus
941 1437 1266 1539 gerendJ'S,
1326 1440 1391 1500 et
1446 1459 1566 1524 ego
1621 1436 1690 1500 id
1742 1458 1995 1522 semper
2048 1437 2178 1523 egi,
2236 1459 2321 1502 ne

287 1527 688 1611 interessem3
751 1547 883 1590 non
937 1525 1108 1590 enim
1163 1525 1244 1589 iis
1302 1525 1494 1589 rebus
1550 1526 2022 1612 pugnabamus,
2082 1525 2319 1608 quibus
2353 1545 2406 1584 15

286 1614 500 1679 valere
524 1616 913 1714 poteramus,
941 1613 1228 1698 901191110,
1265 1613 1665 1697 auctoritate,
1702 1635 1907 1699 causa,
1945 1635 2107 1697 quae
2135 1616 2321 1678 erant

289 1702 359 1766 in
402 1702 593 1767 nobis
638 1703 994 1786 superiora,
1041 1702 1153 1766 sed
1195 1701 1453 1765 lacertis
1499 1705 1563 1766 et
1608 1664 1883 1787 viribus,
1930 1701 2177 1803 quibus
2211 1723 2321 1786 pa-

289 1812 390 1854 res
433 1811 565 1855 non
612 1811 880 1854 eramus.
970 1789 1150 1854 Victi
1193 1812 1414 1853 sumus
1468 1789 1673 1876 igitur
1716 1794 1853 1875 aut,
1908 1791 1965 1853 si
2008 1789 2183 1854 vinci
2229 1790 2321 1854 (11-

288 1878 502 1965 31111599
546 1899 679 1943 11011
723 1881 956 1962 potest,
1001 1877 1191 1941 fracti
1227 1881 1399 1941 certe
1436 1881 1500 1941 et
1536 1877 1787 1942 abiecti.
1835 1841 1928 1941 In
1966 1899 2094 1962 quo
2130 1881 2320 1942 tuum

289 1967 627 2030 consilium
663 1987 854 2031 nemo
898 1968 1114 2050 potest
1155 1987 1288 2029 non
1322 1965 1603 2030 maxime
1637 1966 1915 2049 laudare,
1961 1966 2136 2050 quod
2171 1987 2319 2031 cum
2350 1987 2407 2026 20

288 2075 401 2140 spe
434 2054 733 2120 vincendi
778 2054 972 2118 simul
1016 2053 1309 2117 abiecisti
1345 2054 1631 2118 certandi
1666 2054 1863 2118 etiam
1899 2054 2320 2138 cupiditatem

290 2142 755 2224 ostendistique
813 2142 1167 2226 sapientem
1226 2145 1291 2206 et
1348 2142 1592 2207 bonum
1652 2143 1857 2207 civem
1915 2142 2105 2206 initia
2160 2142 2320 2206 belli

291 2229 498 2293 civilis
543 2230 821 2294 invitum
876 2230 1219 2314 suscipere,
1275 2234 1561 2294 extrema
1612 2231 1891 2295 libenter
1933 2251 2065 2295 non
2108 2251 2321 2314 perse-

291 2318 419 2402 qui.
486 2317 612 2394 Qui
646 2338 777 2382 non
814 2318 984 2382 idem
1023 2318 1364 2383 consilium
1409 2319 1585 2402 quod
1626 2322 1701 2383 tu
1746 2317 1950 2383 secuti
1994 2323 2162 2403 sunt,
2209 2341 2320 2383 eos

285 2406 476 2470 video
522 2406 590 2469 in
637 2406 763 2470 duo
800 2427 1036 2492 genera
1070 2428 1206 2471 esse
1243 2406 1608 2492 distractos3
1655 2412 1767 2471 aut
1802 2407 1975 2471 enim
2010 2427 2321 2471 renovare
2348 2427 2405 2466 25

287 2494 531 2559 bellum
579 2494 793 2558 conati
838 2498 1013 2579 sunt,
1073 2495 1121 2557 ii
1169 2495 1281 2578 qui
1327 2517 1394 2559 se
1438 2496 1509 2559 in
1551 2494 1843 2559 Africam
1888 2495 2353 2580 contulerunt,'

289 2587 400 2647 aut
447 2603 638 2666 quem
685 2582 766 2646 ad
808 2583 1073 2646 modum
1107 2605 1226 2646 nos
1264 2583 1497 2647 victori
1534 2605 1670 2647 sese
1707 2583 2130 2648 crediderunt.
2184 2581 2321 2647 Μ9-

289 2672 468 2736 (1111111
523 2667 844 2755 quoddam
889 2673 1074 2735 tuum
1121 2671 1463 2735 consilium
1507 2671 1659 2756 fuit,
1718 2671 1831 2756 qui
1874 2671 2002 2736 hoc
2043 2672 2320 2736 fortasse

285 2759 552 2823 humilis
597 2758 797 2822 animi
843 2758 1121 2844 duceres,
1166 2760 1330 2823 illud
1371 2759 1736 2844 pertinacis.
1824 2758 2061 2824 Fateor
2105 2781 2144 2822 a
2186 2760 2319 2844 ple-

287 2848 504 2932 risque
547 2847 653 2912 vel
699 2847 906 2911 dicam
951 2848 1031 2911 ab
1080 2848 1380 2912 omnibus
1430 2848 1681 2932 sapiens
1724 2851 1911 2912 tuum
1957 2847 2317 2932 consilium,
2346 2867 2401 2907 so

287 2959 325 3000 a
367 2935 592 3000 multis
639 2935 834 2999 etiam
877 2936 1100 3022 magni
1154 2957 1227 2999 ac
1279 2937 1469 3000 fortis
1525 2936 1726 3000 animi
1769 2935 2150 3021 iudicatum3
2206 2937 2320 3000 sed

286 3024 483 3088 habet
541 3025 666 3088 ista
723 3023 890 3088 ratio
904 3075 922 3108 ,
981 3027 1055 3087 ut
1113 3023 1277 3087 mihi
1333 3025 1592 3106 quidem
1645 3024 1928 3108 videtur,
1998 3023 2318 3107 quendam

285 3113 577 3197 modum,
634 3113 1014 3197 praesertim
1073 3133 1218 3176 cum
1271 3112 1440 3175 nihil
1483 3112 1609 3176 tibi
1654 3113 1868 3177 deesse
1914 3111 2193 3176 arbitrer
2237 3112 2319 3175 ad

285 3204 430 3263 tuas
492 3201 786 3264 fortunas
859 3200 1068 3264 omnis
1132 3199 1511 3284 optinendas
1581 3205 1837 3284 praeter
1896 3200 2316 3265 voluntatem.

288 3285 395 3350 Sic
441 3287 611 3351 enim
657 3288 966 3373 intellexi,
1009 3287 1176 3352 nihil
1213 3287 1389 3351 aliud
1425 3309 1579 3372 esse,
1625 3289 1801 3373 quod
1844 3287 2317 3352 dubitationem
2344 3303 2395 3346 ³5

286 3374 565 3439 adferret
619 3376 704 3460 ei,
757 3398 952 3460 penes
1008 3397 1198 3460 quem
1245 3379 1343 3439 est
1387 3379 1671 3460 potestas
1678 3428 1698 3462 ,
1751 3376 1878 3441 nisi
1916 3375 2099 3460 quod
2141 3397 2318 3442 vere-

285 3466 480 3547 retur,
525 3484 606 3526 ne
651 3467 723 3526 tu
769 3464 933 3528 illud
976 3463 1362 3528 beneficium
1400 3465 1662 3530 omnino
1699 3486 1831 3530 non
1866 3468 2142 3550 putares.
2216 3463 2317 3530 De
