<?xml version="1.0" encoding="UTF-8"?>
<!DOCTYPE html PUBLIC "-//W3C//DTD XHTML 1.0 Transitional//EN"
    "http://www.w3.org/TR/xhtml1/DTD/xhtml1-transitional.dtd">
<html xmlns="http://www.w3.org/1999/xhtml" xml:lang="en" lang="en">
 <head>
  <title>
</title>
<meta http-equiv="Content-Type" content="text/html;charset=utf-8" />
  <meta name='ocr-system' content='tesseract 3.04.00' />
  <meta name='ocr-capabilities' content='ocr_page ocr_carea ocr_par ocr_line ocrx_word'/>
</head>
<body>
  <div class='ocr_page' id='page_1' title='image "./scriptaquaemans02mlgoog_0445.png"; bbox 0 0 2567 3884; ppageno 0'>
   <div class='ocr_carea' id='block_1_1' title="bbox 925 164 2246 234">
    <p class='ocr_par' dir='ltr' id='par_1_1' title="bbox 925 164 2246 234">
     <span class='ocr_line' id='line_1_1' title="bbox 925 164 2246 234; baseline 0.008 -16"><span class='ocrx_word' id='word_1_1' title='bbox 925 164 1142 218; x_wconf 84' lang='lat' dir='ltr'>LIBER</span> <span class='ocrx_word' id='word_1_2' title='bbox 1179 165 1282 219; x_wconf 88' lang='lat' dir='ltr'><strong>XII</strong></span> <span class='ocrx_word' id='word_1_3' title='bbox 1322 172 1406 234; x_wconf 76' lang='lat'><strong>17,</strong></span> <span class='ocrx_word' id='word_1_4' title='bbox 1446 171 1529 222; x_wconf 87' lang='grc'><strong>18.</strong></span> <span class='ocrx_word' id='word_1_5' title='bbox 2115 166 2246 231; x_wconf 84' lang='grc'><strong>353</strong></span> 
     </span>
    </p>
   </div>
   <div class='ocr_carea' id='block_1_2' title="bbox 305 376 2081 567">
    <p class='ocr_par' dir='ltr' id='par_1_2' title="bbox 305 376 2081 567">
     <span class='ocr_line' id='line_1_2' title="bbox 1101 376 1341 442; baseline 0 0"><span class='ocrx_word' id='word_1_6' title='bbox 1101 376 1341 442; x_wconf 89' lang='lat' dir='ltr'><strong>XVIII.</strong></span> 
     </span>
     <span class='ocr_line' id='line_1_3' title="bbox 305 469 2081 567; baseline 0.001 -15"><span class='ocrx_word' id='word_1_7' title='bbox 305 469 316 482; x_wconf 53' lang='lat'><em>⁰</em></span> <span class='ocrx_word' id='word_1_8' title='bbox 380 497 493 552; x_wconf 77' lang='lat' dir='ltr'><strong>Ser.</strong></span> <span class='ocrx_word' id='word_1_9' title='bbox 533 497 742 554; x_wconf 84' lang='lat' dir='ltr'><strong>Romae</strong></span> <span class='ocrx_word' id='word_1_10' title='bbox 777 497 860 552; x_wconf 83' lang='lat' dir='ltr'><strong>vel</strong></span> <span class='ocrx_word' id='word_1_11' title='bbox 895 513 977 552; x_wconf 79' lang='lat' dir='ltr'><strong>ex.</strong></span> <span class='ocrx_word' id='word_1_12' title='bbox 1015 515 1086 552; x_wconf 87' lang='lat' dir='ltr'><strong>m.</strong></span> <span class='ocrx_word' id='word_1_13' title='bbox 1125 497 1269 567; x_wconf 75' lang='lat' dir='ltr'><strong>Sept.</strong></span> <span class='ocrx_word' id='word_1_14' title='bbox 1307 500 1391 556; x_wconf 84' lang='lat' dir='ltr'><strong>vel</strong></span> <span class='ocrx_word' id='word_1_15' title='bbox 1426 499 1505 554; x_wconf 74' lang='lat' dir='ltr'><strong>in.</strong></span> <span class='ocrx_word' id='word_1_16' title='bbox 1550 498 1660 554; x_wconf 80' lang='lat' dir='ltr'><strong>Oct.</strong></span> <span class='ocrx_word' id='word_1_17' title='bbox 1700 517 1751 554; x_wconf 85' lang='lat' dir='ltr'><strong>a.</strong></span> <span class='ocrx_word' id='word_1_18' title='bbox 1791 502 1903 553; x_wconf 81' lang='lat'><strong>708</strong></span> <span class='ocrx_word' id='word_1_19' title='bbox 1944 501 2081 566; x_wconf 86' lang='lat'><em>(46).</em></span> 
     </span>
    </p>
   </div>
   <div class='ocr_carea' id='block_1_3' title="bbox 559 618 1904 676">
    <p class='ocr_par' dir='ltr' id='par_1_3' title="bbox 559 618 1904 676">
     <span class='ocr_line' id='line_1_4' title="bbox 559 618 1904 676; baseline 0.002 -3"><span class='ocrx_word' id='word_1_20' title='bbox 559 618 814 673; x_wconf 85' lang='lat' dir='ltr'>CICERO</span> <span class='ocrx_word' id='word_1_21' title='bbox 854 619 906 675; x_wconf 82' lang='lat' dir='ltr'><strong>S.</strong></span> <span class='ocrx_word' id='word_1_22' title='bbox 945 620 1012 675; x_wconf 89' lang='lat' dir='ltr'><strong>D.</strong></span> <span class='ocrx_word' id='word_1_23' title='bbox 1046 619 1464 675; x_wconf 82' lang='lat' dir='ltr'>CORNIFICIO</span> <span class='ocrx_word' id='word_1_24' title='bbox 1509 620 1904 676; x_wconf 76' lang='lat' dir='ltr'>COLLEGAE.</span> 
     </span>
    </p>
   </div>
   <div class='ocr_carea' id='block_1_4' title="bbox 121 744 2241 3470">
    <p class='ocr_par' dir='ltr' id='par_1_4' title="bbox 121 744 2241 3114">
     <span class='ocr_line' id='line_1_5' title="bbox 345 744 2241 831; baseline 0.001 -23"><span class='ocrx_word' id='word_1_25' title='bbox 345 744 533 820; x_wconf 88' lang='lat' dir='ltr'><strong>Quod</strong></span> <span class='ocrx_word' id='word_1_26' title='bbox 597 749 956 809; x_wconf 86' lang='lat' dir='ltr'><strong>extremum</strong></span> <span class='ocrx_word' id='word_1_27' title='bbox 1019 746 1145 810; x_wconf 88' lang='lat' dir='ltr'><strong>fuit</strong></span> <span class='ocrx_word' id='word_1_28' title='bbox 1204 747 1272 810; x_wconf 89' lang='lat' dir='ltr'><strong>in</strong></span> <span class='ocrx_word' id='word_1_29' title='bbox 1334 769 1409 810; x_wconf 89' lang='lat' dir='ltr'><strong>ea</strong></span> <span class='ocrx_word' id='word_1_30' title='bbox 1466 747 1771 831; x_wconf 74' lang='lat' dir='ltr'><strong>epistula,</strong></span> <span class='ocrx_word' id='word_1_31' title='bbox 1836 769 2030 830; x_wconf 91' lang='lat' dir='ltr'><strong>quam</strong></span> <span class='ocrx_word' id='word_1_32' title='bbox 2084 768 2123 810; x_wconf 90' lang='lat' dir='ltr'><strong>a</strong></span> <span class='ocrx_word' id='word_1_33' title='bbox 2176 749 2241 810; x_wconf 88' lang='lat' dir='ltr'><strong>te</strong></span> 
     </span>
     <span class='ocr_line' id='line_1_6' title="bbox 151 833 2241 919; baseline 0.002 -25"><span class='ocrx_word' id='word_1_34' title='bbox 151 853 180 894; x_wconf 84' lang='lat'>5</span> <span class='ocrx_word' id='word_1_35' title='bbox 207 833 503 917; x_wconf 85' lang='lat' dir='ltr'><strong>proxime</strong></span> <span class='ocrx_word' id='word_1_36' title='bbox 557 833 803 917; x_wconf 88' lang='lat' dir='ltr'><strong>accepi,</strong></span> <span class='ocrx_word' id='word_1_37' title='bbox 863 833 945 896; x_wconf 90' lang='lat' dir='ltr'><strong>ad</strong></span> <span class='ocrx_word' id='word_1_38' title='bbox 997 833 1065 896; x_wconf 90' lang='lat' dir='ltr'><strong>id</strong></span> <span class='ocrx_word' id='word_1_39' title='bbox 1121 835 1407 918; x_wconf 89' lang='lat' dir='ltr'><strong>primum</strong></span> <span class='ocrx_word' id='word_1_40' title='bbox 1462 835 1893 919; x_wconf 84' lang='lat' dir='ltr'><strong>respondeb03</strong></span> <span class='ocrx_word' id='word_1_41' title='bbox 1955 834 2241 898; x_wconf 89' lang='lat' dir='ltr'><strong>animum</strong></span> 
     </span>
     <span class='ocr_line' id='line_1_7' title="bbox 209 921 2241 1022; baseline 0.001 -38"><span class='ocrx_word' id='word_1_42' title='bbox 209 921 464 985; x_wconf 85' lang='lat' dir='ltr'><strong>advorti</strong></span> <span class='ocrx_word' id='word_1_43' title='bbox 502 921 673 984; x_wconf 91' lang='lat' dir='ltr'><strong>enim</strong></span> <span class='ocrx_word' id='word_1_44' title='bbox 709 921 835 984; x_wconf 86' lang='lat' dir='ltr'><strong>hoc</strong></span> <span class='ocrx_word' id='word_1_45' title='bbox 865 943 980 986; x_wconf 87' lang='lat' dir='ltr'><strong>vos</strong></span> <span class='ocrx_word' id='word_1_46' title='bbox 1017 944 1286 1022; x_wconf 81' lang='lat' dir='ltr'><strong>magnos</strong></span> <span class='ocrx_word' id='word_1_47' title='bbox 1325 926 1612 987; x_wconf 88' lang='lat' dir='ltr'><strong>oratores</strong></span> <span class='ocrx_word' id='word_1_48' title='bbox 1648 923 1857 986; x_wconf 85' lang='lat' dir='ltr'><strong>facere</strong></span> <span class='ocrx_word' id='word_1_49' title='bbox 1892 944 2023 985; x_wconf 91' lang='lat' dir='ltr'><strong>non</strong></span> <span class='ocrx_word' id='word_1_50' title='bbox 2059 943 2241 986; x_wconf 88' lang='lat' dir='ltr'><strong>num-</strong></span> 
     </span>
     <span class='ocr_line' id='line_1_8' title="bbox 210 1007 2240 1097; baseline 0 -24"><span class='ocrx_word' id='word_1_51' title='bbox 210 1031 420 1093; x_wconf 91' lang='lat' dir='ltr'><strong>quam.</strong></span> <span class='ocrx_word' id='word_1_52' title='bbox 521 1007 852 1092; x_wconf 77' lang='lat' dir='ltr'><strong>Epistulas</strong></span> <span class='ocrx_word' id='word_1_53' title='bbox 934 1010 1208 1093; x_wconf 84' lang='lat' dir='ltr'><strong>requiris</strong></span> <span class='ocrx_word' id='word_1_54' title='bbox 1290 1032 1495 1096; x_wconf 84' lang='lat' dir='ltr'><strong>meas3</strong></span> <span class='ocrx_word' id='word_1_55' title='bbox 1576 1033 1697 1097; x_wconf 86' lang='lat' dir='ltr'><strong>ego</strong></span> <span class='ocrx_word' id='word_1_56' title='bbox 1772 1013 1989 1075; x_wconf 88' lang='lat' dir='ltr'><strong>autem</strong></span> <span class='ocrx_word' id='word_1_57' title='bbox 2058 1032 2240 1074; x_wconf 90' lang='lat' dir='ltr'><strong>num-</strong></span> 
     </span>
     <span class='ocr_line' id='line_1_9' title="bbox 210 1096 2239 1182; baseline 0 -22"><span class='ocrx_word' id='word_1_58' title='bbox 210 1119 420 1182; x_wconf 89' lang='lat' dir='ltr'><strong>quam,</strong></span> <span class='ocrx_word' id='word_1_59' title='bbox 468 1117 614 1160; x_wconf 90' lang='lat' dir='ltr'><strong>cum</strong></span> <span class='ocrx_word' id='word_1_60' title='bbox 659 1097 822 1160; x_wconf 89' lang='lat' dir='ltr'><strong>mihi</strong></span> <span class='ocrx_word' id='word_1_61' title='bbox 865 1096 1312 1162; x_wconf 89' lang='lat' dir='ltr'><strong>denuntiatum</strong></span> <span class='ocrx_word' id='word_1_62' title='bbox 1350 1102 1515 1163; x_wconf 87' lang='lat' dir='ltr'><strong>esset</strong></span> <span class='ocrx_word' id='word_1_63' title='bbox 1552 1121 1589 1162; x_wconf 88' lang='lat' dir='ltr'><strong>a</strong></span> <span class='ocrx_word' id='word_1_64' title='bbox 1624 1099 1757 1162; x_wconf 88' lang='lat' dir='ltr'><strong>tuis</strong></span> <span class='ocrx_word' id='word_1_65' title='bbox 1800 1099 1895 1162; x_wconf 89' lang='lat' dir='ltr'><strong>ire</strong></span> <span class='ocrx_word' id='word_1_66' title='bbox 1942 1098 2239 1182; x_wconf 84' lang='lat' dir='ltr'><strong>aliquem,</strong></span> 
     </span>
     <span class='ocr_line' id='line_1_10' title="bbox 209 1185 2174 1249; baseline -0.001 -1"><span class='ocrx_word' id='word_1_67' title='bbox 209 1207 345 1249; x_wconf 91' lang='lat' dir='ltr'><strong>non</strong></span> <span class='ocrx_word' id='word_1_68' title='bbox 392 1185 552 1248; x_wconf 88' lang='lat' dir='ltr'><strong>dedi.</strong></span> <span class='ocrx_word' id='word_1_69' title='bbox 2140 1203 2174 1236; x_wconf 75' lang='lat' dir='ltr'><em>s</em></span> 
     </span>
     <span class='ocr_line' id='line_1_11' title="bbox 124 1271 2241 1358; baseline 0.002 -26"><span class='ocrx_word' id='word_1_70' title='bbox 124 1295 180 1333; x_wconf 79' lang='grc' dir='ltr'><strong>ιο</strong></span> <span class='ocrx_word' id='word_1_71' title='bbox 342 1271 531 1348; x_wconf 82' lang='lat' dir='ltr'><strong>Quod</strong></span> <span class='ocrx_word' id='word_1_72' title='bbox 587 1272 751 1336; x_wconf 90' lang='lat' dir='ltr'><strong>mihi</strong></span> <span class='ocrx_word' id='word_1_73' title='bbox 808 1271 1032 1336; x_wconf 85' lang='lat' dir='ltr'><strong>videor</strong></span> <span class='ocrx_word' id='word_1_74' title='bbox 1090 1294 1170 1336; x_wconf 86' lang='lat' dir='ltr'><strong>ex</strong></span> <span class='ocrx_word' id='word_1_75' title='bbox 1226 1273 1358 1336; x_wconf 89' lang='lat' dir='ltr'><strong>tuis</strong></span> <span class='ocrx_word' id='word_1_76' title='bbox 1414 1274 1653 1338; x_wconf 86' lang='lat' dir='ltr'><strong>litteris</strong></span> <span class='ocrx_word' id='word_1_77' title='bbox 1710 1274 2115 1358; x_wconf 75' lang='lat' dir='ltr'><strong>intellegere,</strong></span> <span class='ocrx_word' id='word_1_78' title='bbox 2174 1277 2241 1336; x_wconf 88' lang='lat' dir='ltr'><strong>te</strong></span> 
     </span>
     <span class='ocr_line' id='line_1_12' title="bbox 207 1361 2240 1446; baseline 0 -22"><span class='ocrx_word' id='word_1_79' title='bbox 207 1361 374 1424; x_wconf 87' lang='lat' dir='ltr'><strong>nihil</strong></span> <span class='ocrx_word' id='word_1_80' title='bbox 419 1361 910 1424; x_wconf 86' lang='lat' dir='ltr'><strong>commissurum</strong></span> <span class='ocrx_word' id='word_1_81' title='bbox 946 1382 1081 1424; x_wconf 88' lang='lat' dir='ltr'><strong>esse</strong></span> <span class='ocrx_word' id='word_1_82' title='bbox 1117 1365 1358 1425; x_wconf 90' lang='lat' dir='ltr'><strong>temere</strong></span> <span class='ocrx_word' id='word_1_83' title='bbox 1393 1383 1512 1426; x_wconf 91' lang='lat' dir='ltr'><strong>nec</strong></span> <span class='ocrx_word' id='word_1_84' title='bbox 1548 1366 1712 1446; x_wconf 87' lang='lat' dir='ltr'><strong>ante,</strong></span> <span class='ocrx_word' id='word_1_85' title='bbox 1759 1384 1952 1445; x_wconf 89' lang='lat' dir='ltr'><strong>quam</strong></span> <span class='ocrx_word' id='word_1_86' title='bbox 1996 1362 2240 1445; x_wconf 78' lang='lat' dir='ltr'><strong>scisseS,</strong></span> 
     </span>
     <span class='ocr_line' id='line_1_13' title="bbox 211 1447 2239 1534; baseline -0 -21"><span class='ocrx_word' id='word_1_87' title='bbox 211 1470 339 1533; x_wconf 91' lang='lat' dir='ltr'><strong>quo</strong></span> <span class='ocrx_word' id='word_1_88' title='bbox 385 1449 507 1512; x_wconf 92' lang='lat' dir='ltr'><strong>iste</strong></span> <span class='ocrx_word' id='word_1_89' title='bbox 553 1449 768 1512; x_wconf 89' lang='lat' dir='ltr'><strong>nescio</strong></span> <span class='ocrx_word' id='word_1_90' title='bbox 817 1449 929 1531; x_wconf 88' lang='lat' dir='ltr'><strong>qui</strong></span> <span class='ocrx_word' id='word_1_91' title='bbox 976 1447 1291 1513; x_wconf 80' lang='lat' dir='ltr'><strong>Caecilius</strong></span> <span class='ocrx_word' id='word_1_92' title='bbox 1336 1448 1572 1514; x_wconf 87' lang='lat' dir='ltr'><strong>Bassus</strong></span> <span class='ocrx_word' id='word_1_93' title='bbox 1627 1453 2017 1534; x_wconf 89' lang='lat' dir='ltr'><strong>erumperet,</strong></span> <span class='ocrx_word' id='word_1_94' title='bbox 2065 1449 2239 1533; x_wconf 89' lang='lat' dir='ltr'><strong>quic-</strong></span> 
     </span>
     <span class='ocr_line' id='line_1_14' title="bbox 210 1536 2239 1622; baseline 0 -23"><span class='ocrx_word' id='word_1_95' title='bbox 210 1558 404 1620; x_wconf 83' lang='lat' dir='ltr'><strong>quam</strong></span> <span class='ocrx_word' id='word_1_96' title='bbox 463 1537 622 1600; x_wconf 90' lang='lat' dir='ltr'><strong>certi</strong></span> <span class='ocrx_word' id='word_1_97' title='bbox 681 1536 1215 1621; x_wconf 90' lang='lat' dir='ltr'><strong>constituturum,</strong></span> <span class='ocrx_word' id='word_1_98' title='bbox 1273 1536 1342 1600; x_wconf 89' lang='lat' dir='ltr'><strong>id</strong></span> <span class='ocrx_word' id='word_1_99' title='bbox 1402 1560 1521 1622; x_wconf 84' lang='lat' dir='ltr'><strong>ego</strong></span> <span class='ocrx_word' id='word_1_100' title='bbox 1583 1541 1647 1601; x_wconf 89' lang='lat' dir='ltr'><strong>et</strong></span> <span class='ocrx_word' id='word_1_101' title='bbox 1706 1559 2032 1621; x_wconf 85' lang='lat' dir='ltr'><strong>speraram</strong></span> <span class='ocrx_word' id='word_1_102' title='bbox 2089 1559 2239 1621; x_wconf 90' lang='lat' dir='ltr'><strong>pru-</strong></span> 
     </span>
     <span class='ocr_line' id='line_1_15' title="bbox 211 1624 2238 1708; baseline 0.002 -22"><span class='ocrx_word' id='word_1_103' title='bbox 211 1624 428 1688; x_wconf 89' lang='lat' dir='ltr'><strong>dentia</strong></span> <span class='ocrx_word' id='word_1_104' title='bbox 488 1628 602 1688; x_wconf 89' lang='lat' dir='ltr'><strong>tua</strong></span> <span class='ocrx_word' id='word_1_105' title='bbox 663 1625 868 1688; x_wconf 87' lang='lat' dir='ltr'><strong>fretus</strong></span> <span class='ocrx_word' id='word_1_106' title='bbox 933 1629 996 1688; x_wconf 89' lang='lat' dir='ltr'><strong>et</strong></span> <span class='ocrx_word' id='word_1_107' title='bbox 1012 1675 1030 1708; x_wconf 99' lang='lat'><strong>,</strong></span> <span class='ocrx_word' id='word_1_108' title='bbox 1105 1629 1177 1688; x_wconf 93' lang='lat' dir='ltr'><strong>ut</strong></span> <span class='ocrx_word' id='word_1_109' title='bbox 1242 1625 1628 1689; x_wconf 89' lang='lat' dir='ltr'><strong>confiderem</strong></span> <span class='ocrx_word' id='word_1_110' title='bbox 1646 1676 1663 1708; x_wconf 93' lang='lat'><strong>,</strong></span> <span class='ocrx_word' id='word_1_111' title='bbox 1736 1627 2026 1690; x_wconf 86' lang='lat' dir='ltr'><strong>fecerunt</strong></span> <span class='ocrx_word' id='word_1_112' title='bbox 2089 1630 2238 1690; x_wconf 86' lang='lat' dir='ltr'><strong>tuae</strong></span> 
     </span>
     <span class='ocr_line' id='line_1_16' title="bbox 127 1712 2239 1799; baseline 0.002 -26"><span class='ocrx_word' id='word_1_113' title='bbox 127 1732 182 1773; x_wconf 90' lang='lat'><strong>15</strong></span> <span class='ocrx_word' id='word_1_114' title='bbox 209 1713 613 1799; x_wconf 84' lang='lat' dir='ltr'><strong>gratissimae</strong></span> <span class='ocrx_word' id='word_1_115' title='bbox 650 1713 814 1776; x_wconf 84' lang='lat' dir='ltr'><strong>mihi</strong></span> <span class='ocrx_word' id='word_1_116' title='bbox 848 1712 1121 1797; x_wconf 86' lang='lat' dir='ltr'><strong>litterae,</strong></span> <span class='ocrx_word' id='word_1_117' title='bbox 1167 1712 1362 1796; x_wconf 88' lang='lat' dir='ltr'><strong>idque</strong></span> <span class='ocrx_word' id='word_1_118' title='bbox 1407 1717 1481 1776; x_wconf 89' lang='lat' dir='ltr'><strong>ut</strong></span> <span class='ocrx_word' id='word_1_119' title='bbox 1525 1713 1721 1777; x_wconf 87' lang='lat' dir='ltr'><strong>facias</strong></span> <span class='ocrx_word' id='word_1_120' title='bbox 1768 1735 1961 1797; x_wconf 91' lang='lat' dir='ltr'><strong>quam</strong></span> <span class='ocrx_word' id='word_1_121' title='bbox 2006 1715 2239 1796; x_wconf 89' lang='lat' dir='ltr'><strong>saepis-</strong></span> 
     </span>
     <span class='ocr_line' id='line_1_17' title="bbox 207 1801 2237 1886; baseline 0 -22"><span class='ocrx_word' id='word_1_122' title='bbox 207 1801 385 1885; x_wconf 86' lang='lat' dir='ltr'><strong>sime,</strong></span> <span class='ocrx_word' id='word_1_123' title='bbox 431 1804 524 1886; x_wconf 89' lang='lat' dir='ltr'><strong>ut,</strong></span> <span class='ocrx_word' id='word_1_124' title='bbox 569 1804 634 1864; x_wconf 91' lang='lat' dir='ltr'><strong>et</strong></span> <span class='ocrx_word' id='word_1_125' title='bbox 671 1801 827 1884; x_wconf 89' lang='lat' dir='ltr'><strong>quid</strong></span> <span class='ocrx_word' id='word_1_126' title='bbox 861 1804 936 1864; x_wconf 90' lang='lat' dir='ltr'><strong>tu</strong></span> <span class='ocrx_word' id='word_1_127' title='bbox 972 1823 1143 1886; x_wconf 79' lang='lat' dir='ltr'><strong>agaS,</strong></span> <span class='ocrx_word' id='word_1_128' title='bbox 1189 1805 1254 1880; x_wconf 84' lang='lat' dir='ltr'><strong>et</strong></span> <span class='ocrx_word' id='word_1_129' title='bbox 1292 1801 1450 1884; x_wconf 88' lang='lat' dir='ltr'><strong>quid</strong></span> <span class='ocrx_word' id='word_1_130' title='bbox 1484 1805 1730 1886; x_wconf 85' lang='lat' dir='ltr'><strong>agatur,</strong></span> <span class='ocrx_word' id='word_1_131' title='bbox 1776 1802 1939 1864; x_wconf 89' lang='lat' dir='ltr'><strong>scire</strong></span> <span class='ocrx_word' id='word_1_132' title='bbox 1974 1803 2237 1885; x_wconf 89' lang='lat' dir='ltr'><strong>possim,</strong></span> 
     </span>
     <span class='ocr_line' id='line_1_18' title="bbox 206 1888 2239 1975; baseline -0 -22"><span class='ocrx_word' id='word_1_133' title='bbox 206 1893 273 1953; x_wconf 87' lang='lat' dir='ltr'><strong>et</strong></span> <span class='ocrx_word' id='word_1_134' title='bbox 319 1889 514 1953; x_wconf 90' lang='lat' dir='ltr'><strong>etiam</strong></span> <span class='ocrx_word' id='word_1_135' title='bbox 569 1888 727 1971; x_wconf 89' lang='lat' dir='ltr'><strong>quid</strong></span> <span class='ocrx_word' id='word_1_136' title='bbox 779 1893 1038 1952; x_wconf 92' lang='lat' dir='ltr'><strong>acturus</strong></span> <span class='ocrx_word' id='word_1_137' title='bbox 1091 1889 1205 1972; x_wconf 84' lang='grc'>818,</span> <span class='ocrx_word' id='word_1_138' title='bbox 1263 1888 1449 1953; x_wconf 86' lang='lat' dir='ltr'><strong>valde</strong></span> <span class='ocrx_word' id='word_1_139' title='bbox 1502 1892 1567 1952; x_wconf 89' lang='lat' dir='ltr'><strong>te</strong></span> <span class='ocrx_word' id='word_1_140' title='bbox 1622 1911 1799 1975; x_wconf 88' lang='lat' dir='ltr'><strong>rog0.</strong></span> <span class='ocrx_word' id='word_1_141' title='bbox 1900 1889 2047 1952; x_wconf 84' lang='lat' dir='ltr'><strong>Etsi</strong></span> <span class='ocrx_word' id='word_1_142' title='bbox 2096 1912 2239 1972; x_wconf 88' lang='lat' dir='ltr'><strong>per-</strong></span> 
     </span>
     <span class='ocr_line' id='line_1_19' title="bbox 205 1976 2239 2062; baseline 0 -22"><span class='ocrx_word' id='word_1_143' title='bbox 205 1977 431 2061; x_wconf 90' lang='lat' dir='ltr'><strong>iniquo</strong></span> <span class='ocrx_word' id='word_1_144' title='bbox 475 1977 770 2060; x_wconf 89' lang='lat' dir='ltr'><strong>patiebar</strong></span> <span class='ocrx_word' id='word_1_145' title='bbox 813 1977 1029 2040; x_wconf 90' lang='lat' dir='ltr'><strong>animo</strong></span> <span class='ocrx_word' id='word_1_146' title='bbox 1066 1980 1132 2040; x_wconf 89' lang='lat' dir='ltr'><strong>te</strong></span> <span class='ocrx_word' id='word_1_147' title='bbox 1167 1999 1206 2040; x_wconf 91' lang='lat' dir='ltr'><strong>a</strong></span> <span class='ocrx_word' id='word_1_148' title='bbox 1240 1998 1345 2040; x_wconf 88' lang='lat' dir='ltr'><strong>me</strong></span> <span class='ocrx_word' id='word_1_149' title='bbox 1394 1976 1659 2062; x_wconf 85' lang='lat' dir='ltr'><strong>digredi,</strong></span> <span class='ocrx_word' id='word_1_150' title='bbox 1704 1981 1921 2040; x_wconf 87' lang='lat' dir='ltr'><strong>tamen</strong></span> <span class='ocrx_word' id='word_1_151' title='bbox 1958 1999 2033 2040; x_wconf 92' lang='lat' dir='ltr'><strong>eo</strong></span> <span class='ocrx_word' id='word_1_152' title='bbox 2079 1981 2239 2040; x_wconf 89' lang='lat' dir='ltr'><strong>tem-</strong></span> 
     </span>
     <span class='ocr_line' id='line_1_20' title="bbox 203 2064 2237 2149; baseline -0 -20"><span class='ocrx_word' id='word_1_153' title='bbox 203 2087 362 2148; x_wconf 89' lang='lat' dir='ltr'><strong>pore</strong></span> <span class='ocrx_word' id='word_1_154' title='bbox 406 2087 510 2128; x_wconf 92' lang='lat' dir='ltr'><strong>me</strong></span> <span class='ocrx_word' id='word_1_155' title='bbox 556 2064 950 2149; x_wconf 84' lang='lat' dir='ltr'><strong>consolabar,</strong></span> <span class='ocrx_word' id='word_1_156' title='bbox 997 2064 1172 2147; x_wconf 90' lang='lat' dir='ltr'><strong>quod</strong></span> <span class='ocrx_word' id='word_1_157' title='bbox 1217 2068 1280 2128; x_wconf 89' lang='lat' dir='ltr'><strong>et</strong></span> <span class='ocrx_word' id='word_1_158' title='bbox 1326 2065 1395 2129; x_wconf 92' lang='lat' dir='ltr'><strong>in</strong></span> <span class='ocrx_word' id='word_1_159' title='bbox 1432 2086 1755 2128; x_wconf 90' lang='lat' dir='ltr'><strong>summum</strong></span> <span class='ocrx_word' id='word_1_160' title='bbox 1792 2065 1998 2129; x_wconf 91' lang='lat' dir='ltr'><strong>otium</strong></span> <span class='ocrx_word' id='word_1_161' title='bbox 2038 2068 2104 2128; x_wconf 89' lang='lat' dir='ltr'><strong>te</strong></span> <span class='ocrx_word' id='word_1_162' title='bbox 2142 2065 2237 2128; x_wconf 89' lang='lat' dir='ltr'><strong>ire</strong></span> 
     </span>
     <span class='ocr_line' id='line_1_21' title="bbox 125 2152 2237 2238; baseline 0.001 -25"><span class='ocrx_word' id='word_1_163' title='bbox 125 2173 180 2212; x_wconf 59' lang='grc' dir='ltr'><strong>πο</strong></span> <span class='ocrx_word' id='word_1_164' title='bbox 207 2153 574 2216; x_wconf 87' lang='lat' dir='ltr'><strong>arbitrabar</strong></span> <span class='ocrx_word' id='word_1_165' title='bbox 626 2157 691 2216; x_wconf 92' lang='lat' dir='ltr'><strong>et</strong></span> <span class='ocrx_word' id='word_1_166' title='bbox 744 2153 825 2216; x_wconf 92' lang='lat' dir='ltr'><strong>ab</strong></span> <span class='ocrx_word' id='word_1_167' title='bbox 887 2152 1407 2236; x_wconf 88' lang='lat' dir='ltr'><strong>impendentibus</strong></span> <span class='ocrx_word' id='word_1_168' title='bbox 1466 2153 1719 2238; x_wconf 87' lang='lat' dir='ltr'><strong>magnis</strong></span> <span class='ocrx_word' id='word_1_169' title='bbox 1776 2153 2057 2238; x_wconf 84' lang='lat' dir='ltr'><strong>negotiis</strong></span> <span class='ocrx_word' id='word_1_170' title='bbox 2114 2153 2237 2216; x_wconf 88' lang='lat' dir='ltr'><strong>dis-</strong></span> 
     </span>
     <span class='ocr_line' id='line_1_22' title="bbox 207 2239 2235 2326; baseline 0 -22"><span class='ocrx_word' id='word_1_171' title='bbox 207 2241 446 2304; x_wconf 80' lang='lat' dir='ltr'><strong>cedere.</strong></span> <span class='ocrx_word' id='word_1_172' title='bbox 543 2239 910 2324; x_wconf 90' lang='lat' dir='ltr'><strong>Utrumque</strong></span> <span class='ocrx_word' id='word_1_173' title='bbox 965 2245 1188 2305; x_wconf 89' lang='lat' dir='ltr'><strong>contra</strong></span> <span class='ocrx_word' id='word_1_174' title='bbox 1241 2241 1501 2326; x_wconf 82' lang='lat' dir='ltr'><strong>accidit3</strong></span> <span class='ocrx_word' id='word_1_175' title='bbox 1560 2241 1708 2305; x_wconf 90' lang='lat' dir='ltr'><strong>istic</strong></span> <span class='ocrx_word' id='word_1_176' title='bbox 1765 2241 1938 2304; x_wconf 89' lang='lat' dir='ltr'><strong>enim</strong></span> <span class='ocrx_word' id='word_1_177' title='bbox 1990 2240 2235 2305; x_wconf 89' lang='lat' dir='ltr'><strong>bellum</strong></span> 
     </span>
     <span class='ocr_line' id='line_1_23' title="bbox 208 2329 2236 2414; baseline 0 -22"><span class='ocrx_word' id='word_1_178' title='bbox 208 2332 306 2392; x_wconf 89' lang='lat' dir='ltr'><strong>est</strong></span> <span class='ocrx_word' id='word_1_179' title='bbox 351 2332 665 2412; x_wconf 84' lang='lat' dir='ltr'><strong>exortum,</strong></span> <span class='ocrx_word' id='word_1_180' title='bbox 710 2329 832 2392; x_wconf 65' lang='lat' dir='ltr'><strong>hicv</strong></span> <span class='ocrx_word' id='word_1_181' title='bbox 861 2351 988 2412; x_wconf 85' lang='lat' dir='ltr'><strong>pax</strong></span> <span class='ocrx_word' id='word_1_182' title='bbox 1035 2333 1398 2414; x_wconf 88' lang='lat' dir='ltr'><strong>consecuta,</strong></span> <span class='ocrx_word' id='word_1_183' title='bbox 1460 2329 1572 2392; x_wconf 89' lang='lat' dir='ltr'><strong>sed</strong></span> <span class='ocrx_word' id='word_1_184' title='bbox 1615 2333 1832 2393; x_wconf 89' lang='lat' dir='ltr'><strong>tamen</strong></span> <span class='ocrx_word' id='word_1_185' title='bbox 1876 2329 2014 2393; x_wconf 89' lang='lat' dir='ltr'><strong>eius</strong></span> <span class='ocrx_word' id='word_1_186' title='bbox 2058 2330 2236 2394; x_wconf 89' lang='lat' dir='ltr'><strong>modi</strong></span> 
     </span>
     <span class='ocr_line' id='line_1_24' title="bbox 203 2416 2236 2502; baseline 0.001 -23"><span class='ocrx_word' id='word_1_187' title='bbox 203 2439 361 2500; x_wconf 84' lang='lat' dir='ltr'><strong>pax,</strong></span> <span class='ocrx_word' id='word_1_188' title='bbox 415 2416 483 2479; x_wconf 94' lang='lat' dir='ltr'><strong>in</strong></span> <span class='ocrx_word' id='word_1_189' title='bbox 530 2439 680 2501; x_wconf 86' lang='lat' dir='ltr'><strong>qua,</strong></span> <span class='ocrx_word' id='word_1_190' title='bbox 728 2417 783 2480; x_wconf 91' lang='lat' dir='ltr'><strong>si</strong></span> <span class='ocrx_word' id='word_1_191' title='bbox 829 2417 1105 2501; x_wconf 78' lang='lat' dir='ltr'><strong>adesseS,</strong></span> <span class='ocrx_word' id='word_1_192' title='bbox 1150 2417 1357 2481; x_wconf 90' lang='lat' dir='ltr'><strong>multa</strong></span> <span class='ocrx_word' id='word_1_193' title='bbox 1401 2421 1467 2480; x_wconf 92' lang='lat' dir='ltr'><strong>te</strong></span> <span class='ocrx_word' id='word_1_194' title='bbox 1511 2439 1644 2481; x_wconf 91' lang='lat' dir='ltr'><strong>non</strong></span> <span class='ocrx_word' id='word_1_195' title='bbox 1692 2417 2107 2502; x_wconf 71' lang='lat' dir='ltr'><strong>delectarent,</strong></span> <span class='ocrx_word' id='word_1_196' title='bbox 2161 2440 2236 2481; x_wconf 89' lang='lat' dir='ltr'><strong>ea</strong></span> 
     </span>
     <span class='ocr_line' id='line_1_25' title="bbox 204 2503 2234 2588; baseline 0 -21"><span class='ocrx_word' id='word_1_197' title='bbox 204 2508 451 2588; x_wconf 89' lang='lat' dir='ltr'><strong>tamen,</strong></span> <span class='ocrx_word' id='word_1_198' title='bbox 526 2526 688 2588; x_wconf 89' lang='lat' dir='ltr'><strong>quae</strong></span> <span class='ocrx_word' id='word_1_199' title='bbox 750 2527 830 2568; x_wconf 88' lang='lat' dir='ltr'><strong>ne</strong></span> <span class='ocrx_word' id='word_1_200' title='bbox 898 2505 1111 2588; x_wconf 89' lang='lat' dir='ltr'><strong>ipsum</strong></span> <span class='ocrx_word' id='word_1_201' title='bbox 1177 2503 1511 2568; x_wconf 88' lang='lat' dir='ltr'><strong>Caesarem</strong></span> <span class='ocrx_word' id='word_1_202' title='bbox 1576 2505 1835 2588; x_wconf 88' lang='lat' dir='ltr'><strong>quidem</strong></span> <span class='ocrx_word' id='word_1_203' title='bbox 1900 2506 2234 2570; x_wconf 89' lang='lat' dir='ltr'><strong>delectant.</strong></span> 
     </span>
     <span class='ocr_line' id='line_1_26' title="bbox 123 2590 2234 2677; baseline 0.003 -27"><span class='ocrx_word' id='word_1_204' title='bbox 123 2610 176 2650; x_wconf 83' lang='lat'><strong>25</strong></span> <span class='ocrx_word' id='word_1_205' title='bbox 204 2590 536 2656; x_wconf 89' lang='lat' dir='ltr'><strong>Bellorum</strong></span> <span class='ocrx_word' id='word_1_206' title='bbox 583 2592 754 2655; x_wconf 88' lang='lat' dir='ltr'><strong>enim</strong></span> <span class='ocrx_word' id='word_1_207' title='bbox 801 2593 1088 2656; x_wconf 85' lang='lat' dir='ltr'><strong>civilium</strong></span> <span class='ocrx_word' id='word_1_208' title='bbox 1133 2593 1183 2656; x_wconf 92' lang='lat' dir='ltr'><strong>ii</strong></span> <span class='ocrx_word' id='word_1_209' title='bbox 1227 2615 1480 2676; x_wconf 85' lang='lat' dir='ltr'><strong>semper</strong></span> <span class='ocrx_word' id='word_1_210' title='bbox 1516 2594 1727 2656; x_wconf 86' lang='lat' dir='ltr'><strong>exitus</strong></span> <span class='ocrx_word' id='word_1_211' title='bbox 1772 2597 1939 2677; x_wconf 85' lang='lat' dir='ltr'><strong>sunt,</strong></span> <span class='ocrx_word' id='word_1_212' title='bbox 1985 2597 2058 2657; x_wconf 91' lang='lat' dir='ltr'><strong>ut</strong></span> <span class='ocrx_word' id='word_1_213' title='bbox 2103 2615 2234 2656; x_wconf 91' lang='lat' dir='ltr'><strong>non</strong></span> 
     </span>
     <span class='ocr_line' id='line_1_27' title="bbox 206 2680 2233 2764; baseline -0 -20"><span class='ocrx_word' id='word_1_214' title='bbox 206 2702 280 2744; x_wconf 89' lang='lat' dir='ltr'><strong>ea</strong></span> <span class='ocrx_word' id='word_1_215' title='bbox 343 2680 552 2743; x_wconf 91' lang='lat' dir='ltr'><strong>solum</strong></span> <span class='ocrx_word' id='word_1_216' title='bbox 611 2681 796 2763; x_wconf 88' lang='lat' dir='ltr'><strong>fiant,</strong></span> <span class='ocrx_word' id='word_1_217' title='bbox 861 2702 1024 2764; x_wconf 89' lang='lat' dir='ltr'><strong>quae</strong></span> <span class='ocrx_word' id='word_1_218' title='bbox 1081 2681 1240 2745; x_wconf 84' lang='lat' dir='ltr'><strong>velit</strong></span> <span class='ocrx_word' id='word_1_219' title='bbox 1292 2681 1533 2764; x_wconf 84' lang='lat' dir='ltr'><strong>victor,</strong></span> <span class='ocrx_word' id='word_1_220' title='bbox 1596 2681 1710 2745; x_wconf 89' lang='lat' dir='ltr'><strong>sed</strong></span> <span class='ocrx_word' id='word_1_221' title='bbox 1766 2681 1963 2744; x_wconf 89' lang='lat' dir='ltr'><strong>etiam</strong></span> <span class='ocrx_word' id='word_1_222' title='bbox 2021 2685 2095 2744; x_wconf 92' lang='lat' dir='ltr'><strong>ut</strong></span> <span class='ocrx_word' id='word_1_223' title='bbox 2153 2681 2233 2743; x_wconf 90' lang='lat' dir='ltr'><strong>iis</strong></span> 
     </span>
     <span class='ocr_line' id='line_1_28' title="bbox 204 2768 2231 2853; baseline 0 -23"><span class='ocrx_word' id='word_1_224' title='bbox 204 2789 346 2831; x_wconf 84' lang='lat' dir='ltr'><strong>mos</strong></span> <span class='ocrx_word' id='word_1_225' title='bbox 381 2768 700 2853; x_wconf 84' lang='lat' dir='ltr'><strong>gerendus</strong></span> <span class='ocrx_word' id='word_1_226' title='bbox 735 2769 837 2852; x_wconf 88' lang='lat' dir='ltr'><strong>sit,</strong></span> <span class='ocrx_word' id='word_1_227' title='bbox 885 2769 1120 2852; x_wconf 86' lang='lat' dir='ltr'><strong>quibus</strong></span> <span class='ocrx_word' id='word_1_228' title='bbox 1157 2769 1561 2832; x_wconf 88' lang='lat' dir='ltr'><strong>adiutoribus</strong></span> <span class='ocrx_word' id='word_1_229' title='bbox 1600 2769 1685 2831; x_wconf 87' lang='lat' dir='ltr'><strong>sit</strong></span> <span class='ocrx_word' id='word_1_230' title='bbox 1724 2772 1913 2851; x_wconf 88' lang='lat' dir='ltr'><strong>parta</strong></span> <span class='ocrx_word' id='word_1_231' title='bbox 1944 2768 2231 2832; x_wconf 86' lang='lat' dir='ltr'><strong>victoria.</strong></span> 
     </span>
     <span class='ocr_line' id='line_1_29' title="bbox 203 2855 2235 2939; baseline 0 -21"><span class='ocrx_word' id='word_1_232' title='bbox 203 2855 526 2939; x_wconf 87' lang='lat' dir='ltr'><strong>Equidem</strong></span> <span class='ocrx_word' id='word_1_233' title='bbox 571 2855 664 2918; x_wconf 90' lang='lat' dir='ltr'><strong>sic</strong></span> <span class='ocrx_word' id='word_1_234' title='bbox 707 2855 838 2919; x_wconf 91' lang='lat' dir='ltr'><strong>iam</strong></span> <span class='ocrx_word' id='word_1_235' title='bbox 875 2855 1170 2939; x_wconf 88' lang='lat' dir='ltr'><strong>obdurui,</strong></span> <span class='ocrx_word' id='word_1_236' title='bbox 1216 2861 1291 2920; x_wconf 90' lang='lat' dir='ltr'><strong>ut</strong></span> <span class='ocrx_word' id='word_1_237' title='bbox 1326 2856 1495 2918; x_wconf 88' lang='lat' dir='ltr'><strong>ludis</strong></span> <span class='ocrx_word' id='word_1_238' title='bbox 1534 2855 1823 2920; x_wconf 83' lang='lat' dir='ltr'><strong>Caesaris</strong></span> <span class='ocrx_word' id='word_1_239' title='bbox 1858 2857 2066 2920; x_wconf 86' lang='lat' dir='ltr'><strong>nostri</strong></span> <span class='ocrx_word' id='word_1_240' title='bbox 2104 2857 2235 2918; x_wconf 86' lang='lat' dir='ltr'><strong>ani-</strong></span> 
     </span>
     <span class='ocr_line' id='line_1_30' title="bbox 203 2943 2234 3029; baseline 0 -23"><span class='ocrx_word' id='word_1_241' title='bbox 203 2966 311 3006; x_wconf 93' lang='lat' dir='ltr'><strong>mo</strong></span> <span class='ocrx_word' id='word_1_242' title='bbox 367 2944 752 3026; x_wconf 88' lang='lat' dir='ltr'><strong>aequissimo</strong></span> <span class='ocrx_word' id='word_1_243' title='bbox 806 2943 1092 3009; x_wconf 81' lang='lat' dir='ltr'><strong>viderem</strong></span> <span class='ocrx_word' id='word_1_244' title='bbox 1145 2944 1215 3007; x_wconf 82' lang='lat' dir='ltr'><strong>T.</strong></span> <span class='ocrx_word' id='word_1_245' title='bbox 1262 2943 1599 3029; x_wconf 91' lang='lat' dir='ltr'><strong>Plancum,</strong></span> <span class='ocrx_word' id='word_1_246' title='bbox 1656 2944 1945 3007; x_wconf 90' lang='lat' dir='ltr'><strong>audirem</strong></span> <span class='ocrx_word' id='word_1_247' title='bbox 1998 2943 2234 3007; x_wconf 91' lang='lat' dir='ltr'><strong>Laberi</strong></span> 
     </span>
     <span class='ocr_line' id='line_1_31' title="bbox 121 3031 1515 3114; baseline 0.002 -23"><span class='ocrx_word' id='word_1_248' title='bbox 121 3050 176 3089; x_wconf 83' lang='lat'><strong>30</strong></span> <span class='ocrx_word' id='word_1_249' title='bbox 205 3036 270 3095; x_wconf 92' lang='lat' dir='ltr'><strong>et</strong></span> <span class='ocrx_word' id='word_1_250' title='bbox 313 3031 559 3095; x_wconf 88' lang='lat' dir='ltr'><strong>Publili</strong></span> <span class='ocrx_word' id='word_1_251' title='bbox 602 3036 916 3114; x_wconf 70' lang='lat' dir='ltr'><strong>poemata.</strong></span> <span class='ocrx_word' id='word_1_252' title='bbox 1512 3063 1515 3067; x_wconf 96' lang='lat'>·</span> 
     </span>
    </p>

    <p class='ocr_par' dir='ltr' id='par_1_5' title="bbox 199 3119 2235 3470">
     <span class='ocr_line' id='line_1_32' title="bbox 333 3119 2235 3218; baseline -0.001 -34"><span class='ocrx_word' id='word_1_253' title='bbox 333 3119 522 3184; x_wconf 83' lang='lat' dir='ltr'><strong>Nihil</strong></span> <span class='ocrx_word' id='word_1_254' title='bbox 577 3119 744 3186; x_wconf 87' lang='lat' dir='ltr'><strong>mihi</strong></span> <span class='ocrx_word' id='word_1_255' title='bbox 808 3125 943 3184; x_wconf 91' lang='lat' dir='ltr'><strong>tam</strong></span> <span class='ocrx_word' id='word_1_256' title='bbox 1009 3120 1186 3184; x_wconf 86' lang='lat' dir='ltr'><strong>desse</strong></span> <span class='ocrx_word' id='word_1_257' title='bbox 1251 3120 1413 3184; x_wconf 79' lang='lat' dir='ltr'><strong>scito</strong></span> <span class='ocrx_word' id='word_1_258' title='bbox 1423 3171 1441 3204; x_wconf 92' lang='lat'><strong>,</strong></span> <span class='ocrx_word' id='word_1_259' title='bbox 1512 3140 1705 3218; x_wconf 80' lang='lat' dir='ltr'><strong>quam</strong></span> <span class='ocrx_word' id='word_1_260' title='bbox 1761 3119 2023 3202; x_wconf 89' lang='lat' dir='ltr'><strong>quicum</strong></span> <span class='ocrx_word' id='word_1_261' title='bbox 2075 3119 2235 3183; x_wconf 89' lang='lat' dir='ltr'><strong>haec</strong></span> 
     </span>
     <span class='ocr_line' id='line_1_33' title="bbox 201 3206 2234 3292; baseline 0 -22"><span class='ocrx_word' id='word_1_262' title='bbox 201 3208 608 3272; x_wconf 89' lang='lat' dir='ltr'><strong>familiariter</strong></span> <span class='ocrx_word' id='word_1_263' title='bbox 654 3208 965 3291; x_wconf 89' lang='lat' dir='ltr'><strong>docteque</strong></span> <span class='ocrx_word' id='word_1_264' title='bbox 1009 3208 1270 3272; x_wconf 89' lang='lat' dir='ltr'><strong>rideam.</strong></span> <span class='ocrx_word' id='word_1_265' title='bbox 1361 3206 1425 3271; x_wconf 93' lang='lat' dir='ltr'><strong>Is</strong></span> <span class='ocrx_word' id='word_1_266' title='bbox 1462 3211 1537 3270; x_wconf 91' lang='lat' dir='ltr'><strong>tu</strong></span> <span class='ocrx_word' id='word_1_267' title='bbox 1574 3207 1717 3289; x_wconf 80' lang='lat' dir='ltr'><strong>eris,</strong></span> <span class='ocrx_word' id='word_1_268' title='bbox 1764 3207 1820 3270; x_wconf 92' lang='lat' dir='ltr'><strong>si</strong></span> <span class='ocrx_word' id='word_1_269' title='bbox 1868 3229 2061 3291; x_wconf 89' lang='lat' dir='ltr'><strong>quam</strong></span> <span class='ocrx_word' id='word_1_270' title='bbox 2104 3209 2234 3292; x_wconf 90' lang='lat' dir='ltr'><strong>pri-</strong></span> 
     </span>
     <span class='ocr_line' id='line_1_34' title="bbox 200 3258 2233 3404; baseline 0.001 -46"><span class='ocrx_word' id='word_1_271' title='bbox 200 3318 379 3359; x_wconf 91' lang='lat' dir='ltr'><strong>mum</strong></span> <span class='ocrx_word' id='word_1_272' title='bbox 408 3297 682 3381; x_wconf 82' lang='lat' dir='ltr'><strong>veneris3</strong></span> <span class='ocrx_word' id='word_1_273' title='bbox 730 3297 905 3380; x_wconf 90' lang='lat' dir='ltr'><strong>quod</strong></span> <span class='ocrx_word' id='word_1_274' title='bbox 932 3298 1004 3359; x_wconf 87' lang='lat' dir='ltr'><strong>ut</strong></span> <span class='ocrx_word' id='word_1_275' title='bbox 1033 3297 1246 3380; x_wconf 78' lang='lat' dir='ltr'><strong>faciaS,</strong></span> <span class='ocrx_word' id='word_1_276' title='bbox 1291 3318 1423 3361; x_wconf 91' lang='lat' dir='ltr'><strong>non</strong></span> <span class='ocrx_word' id='word_1_277' title='bbox 1450 3316 1593 3358; x_wconf 89' lang='lat' dir='ltr'><strong>mea</strong></span> <span class='ocrx_word' id='word_1_278' title='bbox 1621 3258 1848 3380; x_wconf 77' lang='lat' dir='ltr'><strong>solum,</strong></span> <span class='ocrx_word' id='word_1_279' title='bbox 1887 3297 2233 3404; x_wconf 82' lang='lat' dir='ltr'><strong>sedetiam</strong></span> 
     </span>
     <span class='ocr_line' id='line_1_35' title="bbox 199 3384 1072 3470; baseline 0.001 -24"><span class='ocrx_word' id='word_1_280' title='bbox 199 3387 312 3447; x_wconf 88' lang='lat' dir='ltr'><strong>tua</strong></span> <span class='ocrx_word' id='word_1_281' title='bbox 361 3384 666 3450; x_wconf 87' lang='lat' dir='ltr'><strong>interesse</strong></span> <span class='ocrx_word' id='word_1_282' title='bbox 711 3385 1012 3448; x_wconf 88' lang='lat' dir='ltr'><strong>arbitror.</strong></span> <span class='ocrx_word' id='word_1_283' title='bbox 1063 3461 1072 3470; x_wconf 91' lang='lat'><strong>.</strong></span> 
     </span>
    </p>
   </div>
   <div class='ocr_carea' id='block_1_5' title="bbox 309 3581 1907 3633">
    <p class='ocr_par' dir='ltr' id='par_1_6' title="bbox 309 3581 1907 3633">
     <span class='ocr_line' id='line_1_36' title="bbox 309 3581 1907 3633; baseline 0.001 -9"><span class='ocrx_word' id='word_1_284' title='bbox 309 3583 544 3626; x_wconf 72' lang='lat' dir='ltr'><strong>Ciceronis</strong></span> <span class='ocrx_word' id='word_1_285' title='bbox 575 3587 708 3633; x_wconf 75' lang='lat' dir='ltr'><strong>epist.</strong></span> <span class='ocrx_word' id='word_1_286' title='bbox 747 3587 782 3625; x_wconf 85' lang='grc' dir='ltr'><strong>Ι.</strong></span> <span class='ocrx_word' id='word_1_287' title='bbox 1838 3581 1907 3630; x_wconf 78' lang='lat'><strong>23</strong></span> 
     </span>
    </p>
   </div>
  </div>
 </body>
</html>
