2567 3884
315 209 448 274 356
1074 209 1593 264 EPISTULARUM

313 351 426 436 sit,
485 352 674 436 plane
733 349 978 438 nesci03
1037 374 1182 436 spes
1235 356 1455 416 tamen
1514 356 1703 417 unast
1762 352 2109 436 aliquando
2163 376 2226 437 p.
2275 352 2395 416 R..

311 440 632 504 maiorum
688 441 966 504 similem
1031 441 1186 505 fore.
1296 439 1442 525 Ego
1508 443 1679 504 certe
1734 441 1828 503 rei
1885 462 1946 523 p.
2002 463 2137 506 non
2198 441 2356 505 dero

313 530 404 612 et,
462 528 770 612 quicquid
815 528 1143 612 acciderit,
1199 549 1238 591 a
1284 550 1412 612 quo
1459 549 1603 591 mea
1650 528 1837 611 culpa
1882 529 2077 614 apsit‚
2132 530 2357 600 animo

311 616 467 680 forti
513 617 742 702 feram3
789 616 952 680 illud
994 617 1306 700 profect0‚
1353 616 1568 700 quoad
1601 619 1850 701 potere,
1895 620 2074 681 tuam
2111 618 2357 682 famam

311 709 376 768 et
424 704 808 792 dignitatem
853 705 1103 768 tuebor.
2411 723 2439 762 5

1199 877 1461 942 XXHa.

528 999 642 1054 Ser.
681 999 890 1054 Romae
927 1018 979 1055 a.
1020 1004 1130 1054 710
1169 1002 1288 1068 (44)
1320 1001 1495 1069 paulo
1526 1005 1653 1068 post
1692 1000 1865 1054 XIII
1894 999 1968 1053 K.
2006 999 2137 1055 Ian.

883 1120 1174 1176 CICERO
1212 1121 1684 1176 CORNIFICIO
1721 1122 1774 1178 S.

242 1285 275 1332 3
446 1264 524 1331 A.
573 1265 806 1329 d.xn1
853 1264 931 1328 K.
978 1264 1111 1329 Ian.
1178 1268 1435 1328 senatus
1498 1265 1801 1348 frequens
1863 1263 2027 1330 mihi
2093 1269 2191 1329 est
2248 1266 2357 1328 ad-

313 1375 534 1419 sensus
581 1374 727 1416 cum
775 1352 850 1415 de
889 1353 1116 1416 ceteris
1161 1353 1355 1416 rebus
1400 1353 1652 1453 magnis
1690 1357 1754 1417 et
1789 1353 2164 1417 necessariis
2210 1357 2356 1417 tum
2384 1375 2433 1412 10

316 1444 392 1506 de
446 1441 798 1525 provinciis
845 1440 926 1503 ab
973 1441 1079 1525 iis,
1136 1440 1248 1523 qui
1297 1440 1687 1541 optinerent‚
1744 1441 2097 1505 retinendis
2142 1463 2354 1525 neque

315 1529 615 1613 cuiquam
661 1528 1006 1613 tradendis,
1052 1528 1180 1592 nisi
1226 1529 1340 1612 qui
1386 1550 1465 1592 ex
1510 1550 1556 1592 s,
1605 1549 1655 1592 (1.
1704 1530 2124 1593 successisset.
2208 1529 2357 1593 Hoc

315 1638 435 1704 ego
485 1639 631 1681 cum
677 1617 771 1680 rei
814 1639 876 1700 p.
925 1637 1112 1680 causa
1159 1617 1376 1680 censui
1422 1621 1563 1680 tum
1607 1617 1970 1682 mehercule
2015 1618 2086 1680 in
2120 1618 2355 1701 primis

313 1705 684 1770 retinendae
741 1704 1076 1791 dignitatis
1130 1709 1293 1768 tuae.
1396 1703 1601 1780 Quam
1657 1705 1741 1769 ob
1800 1727 1938 1769 rem
1990 1709 2056 1769 te
2111 1706 2354 1770 amoris

313 1794 521 1858 nostri
569 1815 758 1857 causa
802 1815 980 1879 rogo,
1027 1792 1120 1856 rei
1164 1815 1225 1876 p.
1274 1814 1463 1856 causa
1507 1793 1752 1878 hortor,
1798 1797 1872 1859 ut
1907 1815 1988 1857 ne
2025 1793 2128 1857 cui
2179 1794 2354 1878 quic-
2384 1812 2432 1851 15

316 1904 509 1967 quam
554 1882 716 1946 iuris
761 1881 830 1944 in
875 1885 988 1945 tua
1029 1881 1364 1964 provincia
1405 1902 1541 1944 esse
1585 1882 1832 1964 patiare
1878 1885 2070 1965 atque
2107 1886 2182 1945 ut
2221 1904 2353 1946 om-

314 1971 424 2036 nia
469 1971 708 2035 referas
756 1969 838 2033 ad
883 1969 1292 2055 dignitatem,
1350 1990 1476 2052 qua
1519 1968 1686 2032 nihil
1732 1991 1866 2033 esse
1910 1973 2127 2052 potest
2172 1991 2353 2053 prae·

243 2075 279 2123 4
317 2060 608 2123 stantius.
699 2057 870 2122 Vere
933 2061 1147 2123 tecum
1220 2079 1443 2142 agam,
1516 2058 1589 2121 ut
1661 2057 2064 2121 necessitudo
2127 2061 2353 2122 nostra

314 2147 617 2248 postulat.
699 2145 777 2210 In
815 2144 1215 2229 Semproni0‚
1263 2145 1317 2207 si
1355 2143 1515 2208 meis
1550 2145 1787 2209 litteris
1826 2148 2353 2229 optemperasseS,

313 2235 663 2298 maximam
701 2234 781 2297 ab
820 2234 1121 2297 omnibus
1165 2233 1422 2296 laudem
1466 2232 1735 2316 adeptus
1772 2254 1955 2297 esses.
2022 2232 2153 2297 Sed
2188 2234 2352 2298 illud
2380 2253 2431 2295 20

316 2326 382 2386 et
425 2322 760 2406 praeteriit
815 2324 879 2384 et
922 2321 1128 2385 levius
1175 2324 1298 2404 est,
1352 2320 1511 2384 haec
1562 2343 1797 2406 magna
1851 2343 1953 2384 res
2009 2325 2131 2386 est.
2206 2321 2350 2406 Fac,

315 2412 388 2474 ut
432 2409 832 2493 provinciam
876 2409 1152 2473 retineas
1197 2409 1266 2472 in
1311 2412 1631 2491 potestate
1676 2410 1770 2472 rei
1814 2431 1874 2492 p.
1912 2408 2111 2473 Plura
2156 2410 2354 2494 scrip-

315 2498 565 2581 sissem,
624 2496 753 2560 nisi
806 2496 904 2559 tui
958 2497 1354 2560 festinarent.
1447 2495 1673 2580 Itaque
1716 2495 2079 2581 Chaerippo
2126 2503 2353 2563 nostro

316 2608 419 2650 me
464 2585 661 2651 velim
707 2605 983 2648 excuses.

1209 2774 1447 2841 xxm.
2378 2794 2430 2832 25
2496 2739 2503 2746 ’

537 2898 650 2954 Ser.
691 2898 899 2953 Romae
929 2899 1104 2966 paulo
1133 2903 1262 2968 post
1308 2897 1433 2951 VII
1459 2897 1547 2951 Id.
1594 2896 1705 2952 Oct.
1744 2915 1795 2952 a.
1838 2901 1947 2951 710
1986 2901 2125 2965 (44).

886 3019 1177 3075 CICERO
1214 3019 1686 3074 CORNIFICIO
1722 3019 1777 3075 S.

244 3183 272 3230 1
461 3163 734 3228 Omnem
795 3162 1236 3226 condicionem
1299 3162 1555 3246 imperii
1618 3164 1718 3227 tui
1778 3166 2147 3246 statumque
2208 3184 2350 3246 pro·
2552 3149 2555 3231 Ι

313 3253 560 3317 vinciae
605 3251 771 3315 mihi
817 3249 1281 3315 demonstravit
1328 3250 1679 3315 Tratorius,
1772 3249 1825 3314 Ο
1871 3250 2079 3314 multa
2126 3250 2351 3314 intole-

314 3341 548 3405 rabilia
582 3340 742 3403 locis
780 3339 1107 3402 omnibus!
1165 3335 1308 3421 Sed,
1357 3359 1485 3421 quo
1522 3342 1635 3402 tua
1670 3339 1879 3403 maior
1916 3338 2220 3424 dignitas,
2258 3359 2349 3421 eo,
2375 3353 2424 3396 3⁰

315 3449 478 3511 quae
513 3427 639 3490 tibi
686 3426 1070 3509 acciderunt,
1116 3425 1331 3488 minus
1370 3426 1658 3512 ferenda3
1703 3447 1909 3509 neque
1948 3427 2140 3511 enim,
2189 3445 2347 3510 quae

313 3517 387 3578 tu
431 3517 697 3597 propter
740 3514 1254 3599 magnitudinem
1292 3515 1356 3576 et
1391 3513 1592 3577 animi
1636 3520 1697 3579 et
1738 3514 1983 3600 ingenii
2019 3514 2346 3578 moderate
