2567 3884
959 1094 1175 1149 LIBER
1224 1092 1572 1149 OCTAVUS.

682 1219 769 1286 M.
831 1216 1161 1285 CAELI
1225 1216 1853 1285 EPISTULAE

1224 1339 1325 1393 AD

717 1447 806 1513 M.
852 1446 1244 1513 TULLIUM
1290 1444 1819 1513 CICERONEM.

204 1646 232 1686 5
1237 1620 1289 1687 I.

433 1746 548 1801 Sor.
589 1744 796 1800 Romae
831 1744 931 1798 IX
965 1743 1039 1799 K.
1077 1743 1206 1797 Iun.
1246 1750 1348 1798 aut
1374 1744 1551 1813 paulo
1578 1748 1705 1812 post
1739 1760 1792 1798 a.
1835 1746 1943 1798 703
1982 1746 2099 1813 (51)

890 1866 1188 1922 CAELIUS
1227 1864 1567 1921 CICERONI
1603 1865 1655 1921 S.

396 1993 584 2070 Quod
637 1993 763 2057 tibi
818 1992 1144 2057 discedens
1196 1991 1524 2075 pollicitus
1578 2012 1720 2055 sum
1764 2013 1869 2056 me
1916 2012 2135 2056 omnes
2179 2014 2282 2056 res
2320 2009 2348 2057 1

261 2083 539 2147 urbanas
596 2081 1084 2183 diligentissime
1136 2080 1262 2143 tibi
1306 2079 1837 2164 perscripturum,
1895 2079 2043 2143 data
2089 2101 2282 2164 opera

185 2192 237 2231 ιο
262 2170 504 2256 paravi,
550 2170 661 2254 qui
707 2169 800 2235 sic
836 2169 1052 2234 omnia
1086 2170 1594 2253 persequeretur,
1638 2171 1712 2231 ut
1757 2188 1995 2252 verear,
2039 2189 2121 2232 ne
2156 2167 2280 2233 tibi

261 2259 535 2322 nimium
581 2261 810 2344 arguta
851 2257 1011 2321 haec
1047 2256 1351 2321 sedulitas
1386 2255 1704 2341 videatur3
1747 2219 2004 2320 tametsi
2038 2259 2111 2319 tu
2147 2256 2282 2322 scio

265 2368 459 2430 quam
504 2346 590 2410 sis
636 2345 954 2430 curiosus,
1013 2348 1078 2409 et
1131 2365 1324 2428 quam
1371 2342 1668 2408 omnibus
1719 2344 2281 2431 peregrinantibus

264 2437 522 2520 gratum
567 2434 652 2498 sit
694 2433 1108 2497 minimarum
1154 2453 1409 2516 quoque
1454 2454 1695 2517 rerum,
1751 2453 1911 2516 quae
1958 2432 2132 2496 domi
2176 2454 2283 2519 ge-

263 2526 519 2605 rantur,
564 2521 706 2586 fieri
751 2522 1068 2586 certiores.
1158 2520 1401 2584 Tamen
1445 2520 1514 2583 in
1556 2520 1682 2584 hoc
1724 2523 1791 2585 te
1836 2521 2157 2605 deprecor,
2200 2541 2283 2584 ne

185 2628 239 2669 15
264 2630 481 2674 meum
514 2609 640 2674 hoc
676 2609 962 2673 officium
1003 2608 1415 2695 adrogantiae
1453 2609 1849 2693 condemnes,
1896 2608 2069 2693 quod
2109 2608 2284 2672 hunc

264 2697 552 2762 laborem
607 2696 792 2762 alteri
849 2697 1162 2784 delegavi,
1219 2718 1352 2760 non
1407 2696 1564 2780 quin
1616 2696 1779 2761 milu'
1834 2696 2280 2760 suavissimum

265 2785 354 2850 sit
398 2788 462 2849 et
517 2788 824 2869 occupato
872 2788 936 2849 et
981 2785 1063 2849 ad
1114 2784 1365 2849 litteras
1410 2784 1801 2868 scribendas,
1855 2788 1928 2848 ut
1973 2788 2047 2848 tu
2091 2784 2283 2868 nosti,

263 2872 618 2959 pigerrimo
662 2876 810 2937 tuae
854 2874 1199 2937 memoriae
1246 2872 1395 2936 dare
1442 2893 1719 2957 operam,
1765 2872 1876 2936 sed
1919 2872 2129 2957 ipsum
2174 2893 2283 2935 vo-

265 2962 500 3045 lumen,
548 2961 722 3045 quod
764 2960 890 3025 tibi
932 2960 1098 3045 misi,
1143 2960 1357 3045 facile,
1402 2964 1475 3024 ut
1521 2982 1641 3047 ego
1688 2960 1985 3043 arbitror,
2030 2980 2133 3023 me
2178 2981 2283 3023 ex-

184 3068 239 3108 so
265 3053 460 3114 cusat.
548 3047 783 3114 Nescio
830 3048 1061 3133 quoius
1106 3050 1226 3114 otii
1269 3052 1435 3113 esset
1478 3070 1611 3111 11011
1653 3048 1847 3111 modo
1890 3010 2283 3131 perscribere

263 3136 439 3222 haec,
483 3138 596 3202 sed
640 3136 902 3202 omnino
948 3137 1481 3221 animadvertere3
1528 3135 1744 3200 omnia
1788 3135 1958 3200 enim
2004 3139 2152 3199 sunt
2186 3134 2283 3198 ibi

265 3230 522 3290 senatus
559 3226 875 3310 consulta,
921 3225 1145 3309 edicta,
1180 3224 1454 3309 fabulae,
1490 3245 1793 3288 rumores
1855 3221 2041 3299 Quod
2077 3244 2284 3287 exem-

261 3314 443 3414 plum
470 3314 526 3378 si
552 3314 719 3378 forte
745 3314 960 3378 minus
986 3317 1052 3378 te
1081 3313 1430 3397 delectarit,
1463 3333 1544 3375 ne
1579 3310 1942 3375 molestiam
1977 3311 2101 3375 tibi
2138 3333 2283 3376 cum

263 3402 529 3486 inpensa
571 3424 714 3466 mea
759 3401 1114 3486 exhibeam,
1158 3402 1261 3465 fac
1303 3422 1407 3465 me
1453 3400 1806 3465 certiorem.
1899 3398 1969 3463 Si
2015 3400 2172 3484 quid
2215 3401 2282 3463 in
2319 3417 2353 3465 2

183 3506 236 3547 26
264 3512 334 3554 re
368 3513 428 3574 p.
465 3490 672 3555 maius
717 3494 931 3555 actum
977 3490 1117 3575 erit,
1163 3489 1337 3573 quod
1381 3489 1489 3553 isti
1537 3488 1813 3574 operarii
1857 3488 2070 3553 minus
2117 3511 2284 3553 com-
