2567 3884
311 161 399 230 48
1060 123 1578 214 EPISTULARUM

310 305 590 371 lescente
647 326 771 368 me.
861 303 996 368 Eos
1055 322 1176 389 ego
1237 303 1509 369 fortasse
1568 324 1741 368 nunc
1796 302 2021 373 imitor
2079 305 2145 368 et
2201 305 2358 370 utor
2402 299 2411 304 “

313 393 544 458 aetatis
587 393 766 458 vitio,
858 391 1078 456 Velim
1123 392 1217 456 ita
1262 391 1379 475 sit3
1424 391 1539 455 sed
1580 395 1799 458 tamen
1817 427 1921 455 -.

245 498 276 548 7
447 480 696 567 Togam
731 484 1134 565 praetextam
1169 479 1307 544 texi
1334 477 1547 563 Oppio
1583 483 1745 563 puto
1780 482 1848 543 te
1884 478 2161 564 audisse;
2198 501 2353 549 nam

315 567 580 634 Curtius
642 572 863 634 noster
927 567 1282 669 dibaphum
1351 568 1621 668 cogitat,
1690 567 1803 632 sed
1864 589 2013 634 eum
2074 567 2354 632 infector

311 661 620 724 moratur.
692 655 838 721 Hoc
873 657 1133 741 aspersi,
1178 660 1252 720 ut
1290 655 1485 720 scires
1518 678 1623 720 me
1658 659 1876 720 tamen
1911 655 1982 722 in
2016 655 2351 756 stomacho
2414 674 2443 714 5

315 746 520 812 solere
575 745 800 810 ridere.
890 745 992 810 De
1043 744 1387 811 Dolabella
1440 744 1617 828 quod
1668 743 1923 828 scripsi,
1977 743 2213 809 suadeo
2257 743 2353 810 vi-

311 834 495 920 deas,
553 837 888 917 tamquam
947 833 1002 898 si
1059 837 1174 896 tua
1235 853 1339 896 res
1402 835 1648 918 agatur.
1738 831 2123 896 Extremum
2184 831 2354 898 illud

316 923 466 988 erit:
518 921 588 986 N
589 943 660 986 os
705 921 873 986 nihil
915 921 1349 1005 turbulenter,
1394 920 1561 984 nihil
1604 924 1845 986 temere
1890 921 2232 1006 faciemu83
2283 923 2351 987 te

315 1014 534 1074 tamen
579 1031 854 1095 oramus,
901 1010 1413 1094 quibuscumque
1458 1009 1698 1074 erimus
1742 1009 1813 1072 in
1856 1009 2065 1093 terris,
2111 1012 2185 1074 ut
2228 1029 2352 1075 nos

311 1099 682 1182 liberosque
723 1101 982 1163 nostros
1025 1099 1120 1162 ita
1165 1101 1403 1182 tueare,
1449 1101 1523 1160 ut
1560 1096 1845 1164 amicitia
1878 1100 2100 1164 nostra
2136 1101 2199 1162 et
2235 1100 2353 1166 tua
2380 1117 2436 1158 ιο

313 1187 472 1254 fides
516 1187 892 1270 postulabit.

1225 1413 1435 1480 XVII.

621 1535 736 1592 Ser.
783 1536 947 1590 Tarsi
981 1553 1034 1592 a.
1073 1537 1128 1591 d.
1167 1536 1333 1590 XVI
1360 1536 1436 1590 K.
1474 1535 1621 1591 Sext.
1658 1553 1713 1590 a.
1752 1538 1861 1590 704
1901 1538 2040 1606 (50).

457 1657 534 1714 M.
574 1657 832 1712 CICERO
871 1657 1018 1714 IMP.
1059 1658 1112 1713 S.
1149 1658 1216 1712 D.
1258 1657 1567 1726 fflANINI
1602 1657 1949 1713 SALUSTIO
1986 1657 2201 1722 PROQ.

249 1822 279 1869 1
448 1799 730 1866 Litteras
775 1825 814 1866 a
857 1805 924 1866 te
967 1801 1132 1866 mihi
1187 1805 1393 1866 stator
1436 1805 1588 1865 tuus
1633 1800 1912 1866 reddidit
1958 1801 2141 1866 Tarsi
2186 1823 2242 1864 a.
2290 1799 2351 1866 d.
2380 1821 2431 1862 15

315 1907 440 1954 XVI
485 1889 564 1955 K.
622 1889 914 1956 Sextiles,
1026 1889 1150 1954 His
1216 1911 1338 1976 ego
1406 1890 1662 1974 ordine,
1739 1893 1813 1953 ut
1870 1889 2109 1954 videris
2162 1889 2347 1973 velle,

317 1978 736 2062 respondebo,
844 1978 944 2042 De
1010 1999 1371 2044 successore
1434 2000 1578 2042 meo
1642 1977 1811 2042 nihil
1872 1978 2090 2043 audivi
2151 1998 2351 2060 neque

317 2088 705 2151 quemquam
741 2067 880 2130 fore
918 2066 1216 2131 arbitror.
1281 2065 1455 2142 Quin
1490 2066 1573 2131 ad
1609 2065 1779 2129 diem
1816 2065 2134 2150 decedam,
2168 2065 2352 2130 nulla

318 2177 508 2219 causa
551 2159 665 2240 est,
708 2155 1089 2238 praesertim
1131 2155 1389 2220 sublato
1434 2158 1613 2220 metu
1655 2153 1977 2219 Parthico,
2052 2153 2353 2220 Commo—

317 2247 610 2308 raturum
663 2264 766 2307 me
817 2265 1152 2326 nusquam*
1183 2265 1333 2307 sane
1380 2243 1685 2328 arbitror3
1744 2241 2051 2308 Rhodum
2098 2241 2349 2307 Cicero—
2378 2264 2430 2304 so

315 2353 474 2396 num
511 2352 700 2395 causa
732 2353 1082 2414 puerorum
1119 2352 1521 2396 accessurum
1555 2334 1735 2415 puto,
1779 2353 1988 2415 neque
2025 2330 2095 2396 id
2128 2334 2349 2397 tamen

317 2423 580 2484 certum.
669 2417 776 2483 Ad
839 2420 1067 2484 urbem
1119 2420 1270 2484 volo
1332 2441 1526 2503 quam
1587 2419 1872 2504 primum
1930 2419 2176 2504 venire3
2237 2419 2352 2487 sed

314 2510 532 2572 tamen
588 2507 715 2571 iter
770 2529 988 2572 meum
1046 2508 1142 2572 rei
1199 2508 1496 2592 publicae
1557 2511 1621 2571 et
1679 2528 1895 2571 rerum
1954 2508 2351 2578 urbanarum

315 2595 482 2659 ratio
538 2595 944 2682 gubernabit.
1037 2594 1378 2660 Successor
1428 2599 1581 2660 tuus
1633 2617 1767 2659 non
1820 2599 2036 2680 potest
2078 2596 2173 2662 ita
2216 2618 2350 2660 ma-

313 2687 558 2768 turare,
613 2684 748 2749 ullo
793 2684 988 2748 modo
1034 2688 1108 2748 ut
1151 2688 1226 2748 tu
1269 2706 1375 2748 me
1418 2684 1489 2750 in
1532 2683 1692 2748 Asia
1734 2685 1943 2768 possis
1990 2684 2349 2751 convenire.
2377 2705 2431 2746 25

245 2791 278 2840 2
315 2771 414 2836 De
442 2735 802 2837 rationibus
830 2773 1180 2837 referendis
1206 2794 1339 2836 non
1366 2776 1503 2836 erat
1529 2773 2010 2837 incommodum
2036 2776 2103 2838 te
2136 2773 2350 2839 nullas

315 2861 570 2946 referre,
617 2883 811 2944 quam
837 2861 961 2925 tibi
989 2861 1216 2925 scribis
1253 2884 1293 2924 a
1327 2861 1564 2925 Bibulo
1600 2861 1744 2926 fieri
1777 2864 2193 2948 potestatem3
2238 2861 2351 2927 sed

315 2948 384 3012 id
440 2949 554 3014 vix
615 2949 778 3012 mihi
841 2949 1078 3014 videris
1140 2971 1258 3033 per
1315 2949 1526 3036 legem
1582 2946 1818 3014 Iuliam
1875 2950 2083 3017 facere
2140 2971 2349 3034 posse,

317 3057 512 3120 quam
563 3035 838 3102 Bibulus
891 3040 1066 3101 certa
1121 3037 1397 3121 quadam
1450 3037 1701 3104 ratione
1752 3059 1887 3102 non
1931 3041 2170 3123 servat,
2222 3039 2351 3104 tibi

244 3143 277 3191 3
315 3146 704 3210 magnopere
761 3125 1137 3189 servandam
1197 3147 1440 3190 censeo.
1533 3124 1719 3202 Quod
1778 3127 2005 3192 scribis
2058 3125 2351 3210 Apamea
2378 3135 2431 3187 30
2562 3156 2567 3183 ι

313 3212 706 3296 praesidium
753 3205 978 3278 deduci
1022 3235 1156 3278 non
1202 3213 1595 3299 oportuisse,
1638 3214 1937 3280 videbam
1980 3215 2141 3282 item
2188 3219 2351 3280 cete-

315 3321 422 3364 ros
486 3300 851 3365 existimare
914 3302 1311 3386 molesteque
1374 3303 1661 3366 ferebam
1726 3302 1805 3368 de
1864 3325 1939 3366 ea
2001 3325 2069 3368 re
2133 3304 2350 3373 minus

315 3388 686 3452 commodos
731 3411 1054 3454 sermones
1090 3391 1559 3456 malevolorum
1603 3390 1817 3456 fuisse.
1881 3390 2109 3464 Parthi
2144 3396 2353 3459 trans*

315 3475 508 3542 ierint
544 3498 760 3562 necne,
795 3481 1052 3561 praeter
1086 3482 1152 3544 te
1180 3479 1371 3545 video
1400 3479 1697 3544 dubitare
1724 3480 2065 3546 neminem.
2119 3477 2350 3567 Itaque
