2567 3884
973 132 1190 185 LIBER
1227 134 1279 187 V
1322 138 1405 202 16,
1450 138 1534 187 1⁷.
2139 129 2265 193 129

101 310 108 314 ·
219 275 576 359 optandum
616 274 924 359 quiddam
960 298 1063 339 me
1100 298 1236 340 esse
1274 276 1671 360 adsecutum3
1708 274 1807 338 sin
1844 273 2060 337 minus
2095 274 2265 337 forte

224 364 600 448 valuissent,
663 363 882 427 officio
923 366 1145 428 tamen
1191 386 1327 428 esse
1373 364 1669 427 functum
1712 361 1839 427 viri
1884 361 2265 425 benevolen-

217 452 460 516 tissimi
507 455 702 536 atque
749 450 1139 516 amicissimi.
1188 450 1394 527 Quem
1438 473 1543 515 me
1586 450 1712 514 tibi
1757 453 1823 513 et
1867 450 2066 515 fuisse
2103 471 2264 513 sem-

216 562 342 625 per
384 540 716 604 existimes
762 540 960 603 velim
1005 543 1071 604 et
1116 541 1409 604 futurum
1460 560 1596 604 esse
1642 537 1941 603 confidas.

161 786 192 826 5
905 802 907 807 ·
1140 766 1349 833 XVII.

861 888 976 945 Ser.
1015 890 1222 945 Romae
1257 907 1311 944 a.
1352 892 1465 943 697
1496 891 1636 957 (57).

669 1010 748 1065 M.
788 1010 1042 1066 CICERO
1081 1011 1134 1067 S.
1171 1011 1238 1067 D.
1275 1011 1337 1066 P.
1378 1010 1610 1065 SITTIO
1646 1010 1708 1065 P.
1744 1008 1805 1065 F.

356 1154 513 1221 Non
549 1155 878 1219 oblivione
913 1155 1232 1219 amicitiae
1265 1158 1525 1219 nostrae
1551 1176 1758 1238 neque
1786 1152 2260 1217 intermissione
2302 1170 2329 1216 1

219 1244 710 1308 consuetudinis
742 1264 922 1307 meae
951 1243 1390 1328 superioribus
1415 1243 1817 1327 temporibus
1844 1242 1927 1305 ad
1951 1245 2017 1305 te
2052 1241 2260 1305 nullas

136 1353 193 1391 ιο
219 1334 478 1396 litteras
522 1331 693 1416 misi,
737 1331 852 1395 sed
895 1332 1070 1415 quod
1112 1332 1332 1415 priora
1376 1335 1669 1416 tempora
1712 1331 1782 1393 in
1826 1330 2032 1394 ruinis
2067 1329 2163 1393 rei
2197 1351 2259 1413 p.

218 1420 596 1503 nostrisque
643 1420 992 1505 iacuerunt,
1036 1420 1396 1504 posteriora
1432 1422 1647 1484 autem
1691 1440 1796 1482 me
1842 1441 1879 1481 a
1924 1418 2260 1482 scribendo

219 1508 358 1573 tuis
393 1507 836 1571 iniustissimis
882 1511 1074 1592 atque
1119 1507 1547 1571 acerbissimis
1596 1507 2021 1571 incommodis
2065 1510 2263 1570 retar-

223 1597 480 1660 darunt.
576 1594 740 1660 Cum
793 1616 946 1660 vero
1002 1599 1067 1659 et
1119 1596 1532 1659 intervallum
1587 1595 1717 1659 iam
1776 1595 1932 1658 satis
1989 1595 2260 1680 longum

223 1684 473 1769 fuisset,
521 1687 587 1747 et
630 1686 811 1747 tuam
855 1684 1163 1748 virtutem
1209 1684 1534 1767 animique
1569 1683 2081 1769 magnitudinem
2120 1683 2260 1746 (1111-

140 1791 196 1831 15
222 1735 490 1859 gentiu's
535 1793 739 1835 essem
782 1793 1035 1835 mecum
1078 1772 1467 1856 recordatuS,
1510 1793 1642 1836 non
1678 1771 1903 1855 putavi
1938 1792 2075 1834 esse
2112 1770 2261 1834 alie-

221 1882 386 1925 num
459 1860 778 1924 institutis
849 1860 1010 1924 meis
1081 1860 1240 1924 haec
1303 1861 1385 1923 ad
1446 1863 1511 1923 te
1584 1859 1878 1923 scribere
1965 1857 2109 1944 Ego
2174 1861 2256 1944 te,

220 1949 296 2014 P..
337 1948 512 2033 Sitti,
558 1951 624 2011 et
667 1948 894 2048 primis
938 1949 1339 2032 temporibus
1378 1948 1528 2032 illis,
1574 1947 1863 2031 quibus
1845 1969 1914 2009 111
1950 1910 2259 2010 invidiani

223 2038 459 2101 absens
505 2039 571 2099 et
613 2036 684 2099 in
729 2036 972 2099 crimen
1015 2037 1353 2121 vocabare,
1409 1999 1664 2099 def'endi
1709 2039 1799 2120 et,
1856 2056 2001 2098 cum
2046 2034 2117 2097 in
2160 2034 2260 2099 tui

222 2124 718 2189 familiarissimi
781 2124 1019 2188 iudicio
1079 2146 1155 2188 ac
1210 2125 1498 2208 periculo
1556 2127 1744 2187 tuum
1808 2122 2051 2186 crimen
2114 2144 2261 2186 con-

140 2234 196 2273 80
222 2215 625 2299 iungeretur,
674 2215 750 2275 ut
783 2213 969 2297 potui
1005 2212 1496 2295 accuratissime,
1541 2216 1607 2276 te
1652 2215 1959 2295 tuamque
2004 2232 2260 2275 causam

223 2305 480 2366 tutatus
517 2322 660 2365 sum
705 2304 770 2364 et
813 2300 1105 2385 proxime
1141 2300 1382 2364 recenti
1418 2301 1697 2365 adventu
1730 2320 1895 2384 meo,
1939 2321 2087 2363 cum
2122 2322 2259 2364 rem

223 2390 420 2454 aliter
463 2388 829 2452 institutam
875 2389 1297 2473 offendissem,
1342 2410 1417 2452 ac
1450 2388 1615 2452 mihi
1648 2388 2007 2472 placuisset,
2054 2388 2110 2452 si
2156 2388 2261 2451 ad-

223 2478 525 2561 fuissem,
579 2481 794 2540 tamen
837 2477 1017 2540 nulla
1062 2499 1130 2541 re
1175 2476 1370 2541 saluti
1414 2480 1563 2541 tuae
1610 2477 1811 2561 defui3
1866 2497 2137 2560 cumque
2183 2498 2259 2540 eo

222 2571 523 2650 tempore
558 2564 801 2628 invidia
836 2586 1140 2649 annonae,
1186 2564 1434 2628 inimici
1468 2586 1601 2628 non
1638 2565 1847 2628 solum
1883 2564 2000 2648 tui,
2034 2586 2260 2628 verum

143 2673 197 2713 25
226 2655 429 2719 etiam
475 2653 829 2717 amicorum
873 2657 1163 2738 tuorum,
1222 2652 1531 2736 iniquitas
1583 2654 1787 2716 totius
1830 2652 2053 2715 iudicii
2097 2652 2260 2715 mul-

225 2747 426 2826 taque
475 2741 601 2805 alia
645 2741 739 2804 rei
784 2764 843 2825 p.
881 2740 1042 2804 vitia
1084 2742 1230 2824 plus
1269 2762 1462 2825 quam
1498 2762 1687 2805 causa
1722 2742 1861 2824 ipsa
1895 2740 2258 2822 veritasque

227 2829 609 2914 valuissent,
654 2828 890 2893 Publio
935 2832 1050 2893 tuo
1095 2850 1303 2912 neque
1350 2850 1543 2912 opera
1587 2850 1794 2913 neque
1840 2827 2108 2891 consilio
2154 2849 2260 2890 ne-

227 2940 356 3002 que
394 2916 616 2981 labore
651 2937 858 3000 neque
894 2917 1105 3003 gratia
1139 2938 1347 3000 neque
1383 2917 1755 2982 testimonio
1794 2915 1983 2979 defui.
2054 2913 2260 2990 Quam

228 3006 315 3071 ob
381 3027 521 3069 rem
585 3005 883 3069 omnibus
957 3005 1188 3068 officiis
1259 3005 1579 3069 amicitiae
1654 3005 1994 3090 diligenter
2058 3025 2096 3065 a
2157 3025 2259 3066 me

145 3114 199 3152 ao
227 3098 579 3176 sancteque
637 3094 904 3157 servatis
966 3116 1048 3157 ne
1110 3093 1234 3157 hoc
1298 3092 1558 3176 quidem
1618 3090 2262 3177 praetermittendum

227 3204 368 3247 esse
417 3180 590 3266 duxi,
635 3185 701 3245 te
744 3186 819 3245 ut
859 3182 1157 3245 hortarer
1201 3202 1651 3267 rogaremque,
1705 3184 1779 3244 ut
1825 3184 1888 3243 et
1931 3178 2262 3242 hominem

229 3275 296 3334 te
346 3273 413 3333 et
459 3268 670 3332 virum
717 3290 850 3333 6666
895 3269 1321 3353 111611111116666,
1375 3269 1445 3332 1(1
1488 3272 1585 3332 est
1628 3272 1704 3331 ut
1750 3271 1815 3331 et
1860 3287 2264 3330 communem

229 3359 682 3439 incertumque
727 3379 943 3421 casum
949 3410 967 3443 ,
1030 3379 1220 3441 quem
1265 3378 1473 3440 neque
1518 3357 1724 3421 vitare
1770 3355 2109 3439 quisquam
2154 3376 2265 3418 no-

226 3449 440 3511 strum
487 3464 606 3507 nec
647 3450 970 3529 praestare
1017 3445 1152 3509 ullo
1197 3448 1387 3530 pacto
1433 3447 1665 3530 potest,
1712 3444 2032 3528 sapienter
2067 3444 2267 3508 ferres

347 3558 457 3598 Cice
461 3558 592 3598 roni·
621 3558 753 3607 epist.
780 3560 818 3599 1.
1810 3553 1841 3600 9
