2567 3884
329 190 460 254 536
1093 190 1607 244 EPISTULARUM

256 352 287 399 3
325 334 574 397 minore
637 332 1062 415 producendo
1167 331 1297 416 Tu,
1372 356 1561 417 quem
1626 333 1707 396 ad
1778 334 2042 397 modum
2108 334 2376 418 scribiS,

327 420 500 505 quod
566 421 818 484 etiamsi
879 443 1010 485 non
1075 421 1412 505 scriberes,
1472 422 1679 485 facere
1736 425 1800 484 te
1862 422 2373 507 diligentissime

325 514 541 573 tamen
578 509 874 592 sciebam,
920 509 1113 573 facies
1151 508 1411 592 scilicet,
1458 513 1530 572 ut
1566 532 1711 573 mea
1744 511 2045 573 mandata
2083 511 2373 595 digeraS,

324 618 722 681 persequare,
771 598 1084 661 conficias.
1174 596 1350 683 Ego,
1405 618 1549 660 cum
1595 596 1870 661 Romam
1914 619 2169 682 venerO,
2216 598 2373 661 nul-

325 686 463 749 lum
521 685 1029 768 praetermittam
1091 683 1378 748 Caesaris
1437 684 1875 769 tabellarium,
1940 687 2043 750 cui
2102 687 2370 749 litteras
2428 702 2456 741 5

329 774 411 837 ad
443 777 510 837 te
553 794 686 836 non
724 773 884 836 dem.
955 772 1079 835 His
1118 772 1343 836 diebus
1389 770 1759 859 (ignosces),
1803 774 1908 837 cui
1955 773 2193 857 darem,
2230 775 2370 837 fuit

327 883 516 925 nemo
573 865 719 925 ante
772 861 944 924 hunc
997 860 1082 924 M.
1131 859 1405 944 Orfium,
1461 862 1743 944 equitem
1796 860 2191 945 Romanum,
2248 884 2369 925 no-

329 954 534 1012 strum
581 953 644 1012 et
689 970 884 1033 perse
901 949 1359 1032 necessarium,
1405 953 1469 1011 et
1516 949 1690 1032 quod
1734 953 1830 1013 est
1876 972 1955 1013 ex
1999 950 2366 1033 municipio

327 1037 656 1120 Atellano,
712 1037 885 1121 quod
938 1037 1060 1100 scis
1116 1058 1250 1121 esse
1304 1037 1374 1099 in
1427 1036 1552 1099 fide
1608 1041 1844 1101 nostra.
1933 1036 2162 1121 Itaque
2212 1060 2366 1101 eum

329 1125 454 1188 tibi
513 1125 887 1188 commendo
947 1125 1016 1188 in
1072 1126 1384 1188 maiorem
1442 1126 1737 1209 modum,
1793 1126 2124 1189 hominem
2182 1126 2364 1189 domi
2391 1144 2440 1181 10

331 1212 760 1296 splendidum,
805 1213 1162 1297 gratiosum
1208 1214 1402 1275 etiam
1449 1217 1629 1275 extra
1675 1213 1961 1298 domum3
2019 1236 2215 1297 quem
2260 1215 2365 1277 fac

331 1304 404 1364 ut
447 1304 560 1364 tua
603 1300 990 1364 liberalitate
1035 1300 1158 1363 tibi
1207 1301 1471 1385 obliges,
1562 1300 1682 1363 Est
1726 1301 2026 1365 tribunus
2070 1302 2362 1365 militum

331 1389 400 1451 in
445 1388 730 1451 exercitu
767 1391 997 1451 vestro.
1093 1386 1362 1451 Gratum
1406 1388 1733 1452 hominem
1782 1390 2361 1474 observantemque

331 1496 690 1560 cognosces
782 1474 1158 1539 Trebatium
1216 1480 1290 1540 ut
1335 1477 1520 1540 valde
1576 1499 1780 1562 ames,
1834 1477 2254 1541 vehementer
2294 1482 2359 1540 te

331 1585 507 1649 rogo.
2384 1581 2431 1620 15

1095 1720 1270 1785 xm.
1330 1722 1481 1805 [XV
1501 1722 1584 1806 a]

755 1842 867 1897 Sor.
906 1844 1112 1897 Romae
1155 1845 1232 1896 in.
1269 1860 1340 1897 m.
1378 1844 1507 1897 Iun.
1547 1862 1597 1898 a.
1639 1846 1749 1898 700
1790 1846 1930 1912 (54).

684 1964 975 2018 MARCUS
1014 1963 1285 2028 QUINTO
1328 1964 1599 2018 FRATRI
1644 1963 1995 2019 SALUTEM.

464 2089 542 2153 A.
582 2090 638 2153 d.
676 2108 782 2153 1111
816 2089 984 2155 Non.
1020 2089 1254 2174 IuniaS,
1304 2113 1430 2174 quo
1480 2092 1581 2154 die
1616 2090 1893 2153 Romam
1928 2090 2094 2172 veni,
2142 2090 2356 2173 accepi

332 2180 476 2241 tuas
529 2178 778 2241 litteras
834 2179 1011 2242 datas
1063 2177 1417 2263 Placentia,
1476 2178 1701 2242 deinde
1756 2178 1987 2242 alteras
2040 2177 2355 2260 postridie
2380 2198 2423 2235 20

334 2265 513 2327 datas
549 2266 595 2348 ἦ·
630 2265 1088 2330 Blandenonne
1117 2288 1262 2329 cum
1293 2265 1577 2329 Caesaris
1612 2266 1848 2330 litteris
1885 2266 2141 2329 refertis
2180 2267 2353 2329 omni

335 2352 568 2435 officio,
615 2353 967 2439 diligentia,
1013 2355 1343 2417 suavitate.
1436 2353 1601 2418 Sunt
1644 2356 1771 2417 ista
1816 2354 2074 2436 quidem
2120 2376 2355 2439 magna

333 2440 436 2504 vel
478 2440 696 2523 potius
741 2442 1047 2527 maxima3
1092 2442 1334 2505 habent
1372 2444 1542 2506 enim
1578 2442 1712 2505 vim
1756 2464 2057 2527 magnam
2094 2441 2180 2503 ad
2222 2443 2355 2527 glo-

333 2529 495 2591 riam
561 2532 626 2591 et
687 2529 768 2591 ad
839 2552 1152 2593 summam
1228 2531 1643 2615 dignitatem3
1718 2531 1853 2613 sed,
1924 2528 2089 2592 mihi
2154 2530 2352 2612 crede,

333 2638 524 2699 quem
567 2618 766 2701 nosti,
827 2618 999 2699 quod
1044 2619 1111 2681 in
1165 2618 1309 2681 istis
1352 2619 1544 2681 rebus
1591 2639 1709 2703 ego
1756 2618 2018 2701 plurimi
2066 2618 2351 2701 aestimo,
2375 2634 2420 2674 25

331 2704 398 2767 id
458 2704 587 2767 iam
645 2705 852 2769 habeo
866 2756 884 2790 ,
941 2709 1008 2769 te
1067 2706 1310 2768 scilicet
1366 2707 1649 2789 primum
1707 2709 1842 2769 tam
1900 2705 2351 2769 inservientem

334 2793 659 2856 communi
697 2794 1016 2879 dignitati,
1064 2792 1289 2857 deinde
1329 2792 1614 2857 Caesaris
1650 2797 1904 2856 tantum
1938 2794 2009 2855 in
2043 2814 2149 2855 me
2186 2815 2351 2857 amo-

334 2900 496 2963 rem,
553 2902 742 2963 quem
791 2882 1088 2944 omnibus
1133 2881 1214 2943 iis
1258 2881 1641 2964 honoribus,
1702 2903 1863 2964 quos
1907 2902 2010 2944 me
2055 2902 2094 2942 a
2140 2902 2209 2943 se
2254 2902 2350 2943 ex-

333 2971 618 3049 spectare
664 2968 831 3051 vult,
877 2972 1214 3051 antepon0.
1305 2968 1589 3033 Litterae
1626 2990 1777 3032 vero
1815 2969 1951 3032 eius
1996 2989 2128 3031 una
2172 2968 2348 3031 datae

334 3076 478 3118 cum
532 3056 662 3119 tuis
676 3106 694 3139 ,
755 3078 1025 3140 quarum
1079 3055 1341 3119 initium
1396 3061 1521 3140 est,
1582 3079 1774 3140 quam
1834 3056 2045 3120 suavis
2100 3055 2162 3117 ei
2205 3059 2347 3119 tuus
2368 3074 2414 3113 zo

333 3142 642 3207 adventus
687 3144 900 3229 fuerit,
947 3147 1012 3208 et
1057 3144 1415 3208 recordatio
1454 3145 1688 3209 veteris
1725 3144 1977 3227 amoris,
2026 3143 2253 3207 deinde
2287 3166 2347 3206 se

333 3230 734 3314 effecturum,
795 3236 867 3295 ut
922 3254 1042 3317 ego
1097 3232 1167 3295 in
1219 3232 1432 3295 medio
1491 3233 1709 3296 dolore
1765 3253 1838 3295 ac
1893 3231 2205 3295 desiderio
2256 3232 2345 3294 tui

331 3320 424 3400 te,
471 3339 616 3381 cum
653 3341 690 3381 a
725 3342 828 3383 me
865 3319 1132 3403 abesseS‚
1177 3320 1590 3403 potissimum
1636 3342 1851 3385 secum
1890 3341 2024 3383 esse
2067 3319 2345 3401 laetarer,

263 3420 293 3466 2
333 3404 798 3469 incredibiliter
843 3407 1253 3471 delectarunt.
1348 3406 1556 3483 Quare
1610 3409 1768 3472 facis
1812 3412 1887 3472 tu
1932 3407 2190 3490 quidem
2234 3407 2345 3470 fra-

331 3494 527 3573 terne,
567 3493 739 3574 quod
773 3516 876 3559 me
912 3495 1210 3581 hortaris,
1253 3496 1364 3559 sed
1400 3496 1762 3562 mehercule
1792 3499 2151 3559 currentem
2187 3515 2343 3558 nunc
2364 3509 2404 3550 ³⁵

2556 2042 2558 2195 J
