2567 3884
571 1112 706 1178 AD
767 1111 1250 1190 QUINTUM
1307 1110 1805 1176 FRATREM

813 1250 1028 1303 LIBER
1064 1249 1450 1305 SECUNDUS.

1108 1408 1156 1474 I.

605 1528 717 1585 Ser.
757 1530 964 1585 Romae
998 1549 1067 1585 m.
1103 1532 1237 1587 Dec.
1274 1550 1327 1586 a.
1368 1536 1478 1586 697
1518 1537 1658 1601 (57).

491 1652 782 1708 MARCUS
821 1651 1093 1719 QUINTO
1129 1653 1400 1707 FRATRI
1436 1654 1787 1709 SALUTEM.

263 1778 640 1865 Epistolam,
687 1802 878 1863 quam
921 1780 1156 1865 legisti,
1199 1802 1386 1844 mane
1434 1780 1743 1843 dederam.
1820 1780 1946 1845 Sed
1988 1781 2143 1844 fecit
2182 1796 2207 1841 1

123 1868 492 1931 humaniter
535 1868 850 1953 Licinius,
897 1867 1068 1952 quod
1113 1868 1194 1931 ad
1236 1890 1340 1931 me
1384 1869 1579 1932 misso
1626 1872 1848 1932 senatu
1893 1868 2141 1951 vesperi

123 1956 329 2040 venit,
385 1959 484 2040 ut,
540 1957 595 2019 si
640 1958 796 2040 quid
841 1960 1004 2020 esset
1049 1960 1290 2039 actum,
1336 1956 1417 2019 ad
1460 1960 1550 2037 te,
1598 1956 1652 2019 si
1695 1956 1856 2019 1111111
1902 1956 2142 2021 videre-

120 2049 247 2127 tur,
293 2044 770 2128 perscriberem.
863 2043 1132 2109 Senatus
1168 2044 1295 2107 fuit
1334 2044 1747 2128 frequentior,
1792 2066 1984 2127 quam
2028 2066 2142 2127 pu-

84 2132 422 2195 tabamus
477 2154 611 2196 esse
665 2154 850 2217 posse
895 2153 1110 2196 mense
1164 2131 1507 2196 Decembri
1560 2132 1678 2196 sub
1735 2132 1867 2195 dies
1924 2132 2139 2196 festos,

119 2219 510 2284 Consulares
561 2242 679 2284 nos
732 2222 972 2284 fuimus
1031 2224 1095 2283 et
1152 2220 1277 2284 duo
1338 2219 1626 2283 consules
1685 2220 2023 2306 designati,
2069 2220 2140 2285 P.

115 2306 468 2392 Servilius,
527 2308 612 2372 M.
647 2308 1002 2392 Lucullus
1063 2307 1344 2392 Lepidus
1351 2358 1370 2391 ,
1428 2306 1797 2393 VolcaciUS,
1858 2308 2142 2393 Glabrio,

107 2398 471 2478 praetores.
563 2396 725 2461 Sane
796 2397 1161 2480 frequentes
1232 2396 1504 2481 fuimus,
1577 2397 1837 2460 omnino
1900 2396 1981 2460 ad
2038 2412 2141 2461 00.

113 2482 504 2547 Commorat
573 2486 1110 2569 exspectationem
1170 2484 1417 2570 Lupus3
1481 2485 1614 2570 egit
1686 2506 1938 2548 causam
2002 2485 2142 2570 agri

109 2571 440 2654 Campani
495 2594 642 2637 sane
699 2577 1002 2637 accurate.
1093 2572 1373 2636 Auditus
1428 2576 1523 2635 est
1576 2594 1811 2674 magno
1867 2572 2141 2637 silentio,

99 2658 468 2723 Materiam
512 2660 606 2723 rei
649 2683 778 2724 non
823 2661 1097 2746 ignoras
1170 2659 1357 2725 Nihil
1393 2682 1473 2723 ex
1506 2661 1747 2725 nostris
1782 2660 2167 2733 actionibus,

97 2747 575 2830 praetermisit.
663 2747 949 2812 Fuerunt
1001 2770 1132 2812 non
1188 2748 1353 2812 nulli
1412 2748 1614 2812 aculei
1666 2749 1736 2812 in
1793 2747 2143 2833 Caesarem,

97 2836 553 2899 contumeliae
605 2836 674 2899 in
731 2835 1035 2921 Gellium,
1095 2836 1638 2919 expostulationes
1692 2858 1837 2900 cum
1882 2837 2143 2901 absente

91 2922 452 3006 Pompeio.
529 2923 732 2987 Causa
767 2945 908 2988 sero
944 2928 1240 3009 perorata
1275 2925 1621 2988 sententias
1658 2946 1723 2988 se
1768 2928 2144 3011 rogaturum

89 3012 418 3097 negavit,
464 3033 544 3075 ne
591 3012 764 3096 quod
810 3034 968 3075 onus
1014 3013 1361 3076 simultatis
1402 3013 1591 3076 nobis
1636 3012 2019 3097 imponeret3
2066 3034 2145 3077 ex

87 3100 532 3182 superiorum
586 3103 948 3184 temporum
994 3101 1297 3164 conviciis
1342 3104 1408 3163 et
1463 3122 1541 3164 ex
1593 3101 1911 3183 praesenti
1958 3101 2144 3165 silen-

83 3188 226 3271 tio,
282 3188 453 3270 quid
499 3192 752 3251 senatus
798 3188 1088 3273 sentiret,
1149 3211 1215 3252 se
1260 3189 1647 3274 intellegere.
1736 3187 1922 3253 Dixit
1964 3187 2142 3253 Milo.

83 3274 352 3359 Coepit
421 3276 758 3339 dimittere.
850 3276 1015 3341 Tum
1077 3276 1511 3341 Marcellinus:
1577 3276 1849 3361 ‘Noli'‚
1914 3277 2164 3363 inquit,

83 3365 222 3426 eex
284 3364 842 3429 taciturnitate
900 3363 1188 3449 nostra,
1251 3365 1483 3449 Lupe,
1547 3364 1730 3449 quid
1785 3368 1913 3429 aut
1970 3389 2144 3450 pro-

83 3453 386 3515 bemus
439 3452 582 3516 hoc
626 3456 964 3537 tempore
1012 3455 1140 3516 aut
1193 3452 1730 3538 improbemus,
1784 3453 2142 3520 iudicare.

83 3540 298 3625 Ego,
365 3540 570 3623 quod
617 3541 704 3605 ad
747 3563 858 3605 me
904 3539 1215 3624 attinet,
1268 3541 1599 3625 itemque
1646 3541 1986 3607 arbitror
2032 3564 2145 3609 ce-
