2567 3884
605 900 1225 985 EPISTULA
1271 900 1367 999 Q.
1418 897 2073 982 CICERONIS

919 1060 1060 1133 DE
1129 1060 1751 1133 PETITIONE

981 1198 1103 1279 AD
1148 1213 1233 1277 Μ.
1278 1212 1713 1279 FRATREM.

802 1510 1114 1575 QUINTUS
1149 1510 1401 1564 MARCO
1438 1510 1707 1563 FRATRI
1742 1509 1794 1563 S.
1830 1508 1896 1564 D.

270 1602 303 1663 1

278 1692 304 1739 1
476 1636 620 1700 Etsi
664 1637 786 1700 tibi
833 1638 1048 1701 omnia
1091 1640 1439 1721 suppetunt
1486 1659 1575 1723 ea,
1621 1658 1781 1720 quae
1827 1636 2130 1719 consequi
2176 1636 2353 1722 inge·
2404 1654 2430 1695 ⁵

343 1726 453 1789 nio
491 1728 603 1789 aut
637 1746 756 1789 usu
791 1725 1080 1790 homines
1129 1725 1268 1809 [aut
1312 1724 1767 1811 intelligentia]
1812 1728 2097 1808 possunt,
2134 1728 2352 1787 tamen

345 1836 560 1878 amore
610 1817 832 1878 nostro
887 1836 1016 1878 non
1071 1836 1212 1877 sum
1261 1812 1540 1877 alienum
1585 1812 1930 1875 arbitratus
1978 1812 2058 1874 ad
2100 1816 2166 1875 te
2210 1834 2351 1895 per-

345 1902 619 1967 scribere
664 1924 762 1986 08,
821 1924 982 1985 quae
1033 1902 1196 1965 mihi
1239 1901 1580 1965 veniebant
1632 1900 1702 1964 in
1753 1894 2035 1963 mentem
2088 1900 2225 1961 dies
2278 1921 2353 1963 ac

343 1994 561 2054 noctes
616 1990 692 2054 de
745 1990 1054 2073 petitione
1108 1993 1220 2052 tua
1273 1989 1609 2075 cogitanti,
1661 2010 1793 2051 non
1846 1992 1919 2051 ut
1973 1986 2217 2070 aliquid
2273 2008 2353 2050 ex

343 2078 445 2142 bis
480 2079 633 2142 novi
668 2078 1044 2161 addisceres,
1091 2078 1201 2141 sed
1245 2080 1318 2139 ut
1362 2099 1451 2163 ea,
1499 2098 1658 2160 quae
1703 2076 1771 2139 in
1816 2097 1886 2139 re
1932 2076 2214 2158 dispersa
2260 2079 2352 2138 at·
2378 2096 2428 2133 ιο

347 2184 469 2249 que
526 2166 778 2229 infinita
828 2166 1195 2229 viderentur
1252 2186 1415 2248 0880,
1475 2165 1721 2228 ratione
1770 2167 1841 2227 et
1896 2162 2351 2226 distributione

347 2253 464 2317 sub
509 2275 637 2316 uno
684 2257 940 2336 aspectu
983 2256 1387 2336 ponerentur.

277 2360 308 2407 2
480 2341 718 2404 Civitas
756 2362 915 2424 quae
953 2341 1064 2425 sit,
1109 2341 1347 2427 cogita,
1395 2340 1550 2423 quid
1593 2342 1797 2423 petas,
1844 2338 1955 2421 qui
2001 2338 2104 2401 818.
2196 2337 2351 2401 Pro-

346 2429 492 2493 inde
548 2428 779 2491 cotidie
832 2429 955 2491 tibi
1005 2429 1130 2492 hoc
1183 2430 1264 2491 ad
1316 2429 1529 2492 forum
1585 2426 1989 2490 descendenti
2040 2426 2350 2490 meditan-

348 2518 587 2581 dumst:
635 2515 888 2580 ‘Novus
933 2537 1090 2600 sum,
1137 2516 1537 2580 consulatum
1580 2518 1747 2600 peto,
1791 2513 1999 2578 Roma
2044 2515 2188 2577 est'.
2378 2532 2426 2571 15

474 2604 774 2670 Nominis
829 2604 1182 2667 novitatem
1241 2604 1491 2667 dicendi
1546 2603 1754 2689 gloria
1810 2602 2088 2665 maxime
2146 2601 2352 2666 suble-

346 2693 541 2756 vabis.
608 2692 871 2776 Semper
897 2714 970 2755 ea
1005 2712 1105 2755 res
1140 2692 1490 2776 plurimum
1527 2690 1857 2777 dignitatis
1893 2690 2137 2753 habuit.
2199 2688 2353 2754 Non

344 2785 581 2865 potest,
636 2781 747 2864 qui
801 2780 1030 2867 dignus
1081 2779 1357 2843 habetur
1407 2782 1716 2863 patronus
1761 2778 2215 2860 consularium,
2260 2778 2355 2841 in-

347 2869 578 2955 dignus
630 2868 962 2933 consulatu
1014 2868 1244 2951 putari.
1337 2866 1540 2943 Quam
1586 2867 1669 2930 ob
1717 2889 1877 2950 rem,
1923 2866 2225 2949 quoniam
2272 2866 2353 2928 ab

344 2957 464 3020 hac
505 2957 693 3020 laude
735 2956 1155 3040 proficisceris
1202 2959 1292 3040 et,
1348 2955 1649 3039 quicquid
1696 2976 1786 3039 es,
1834 2976 1911 3017 ex
1955 2954 2079 3017 hoc
2124 2976 2216 3038 es,
2262 2954 2355 3017 ita
2380 2972 2427 3011 20

344 3048 602 3127 paratus
655 3045 737 3107 ad
791 3043 1124 3107 dicendum
1177 3044 1422 3127 venito,
1439 3038 1471 3105 1·
1478 3042 1658 3126 quasi
1712 3042 1780 3105 in
1833 3042 2104 3127 singulis
2150 3042 2353 3105 causis

275 3149 307 3195 3
346 3133 654 3196 iudicium
699 3132 775 3195 de
813 3132 988 3195 omni
1023 3132 1283 3217 ingenio
1329 3133 1617 3195 futurum
1655 3131 1754 3194 sit.
1774 3181 1783 3199 ,.
1826 3128 1985 3193 Eius
2031 3129 2353 3193 facultatis

348 3221 711 3284 adiumenta
791 3241 950 3303 quae
1005 3220 1129 3283 tibi
1181 3220 1313 3283 scio
1360 3241 1492 3284 esse
1538 3200 1839 3303 seposita,
1898 3220 1970 3280 ut
2014 3222 2239 3300 parata
2283 3238 2355 3279 ac

313 3308 642 3392 'prompta
687 3270 833 3391 sint,
881 3329 1031 3371 cura
1066 3310 1133 3371 et
1175 3329 1378 3392 saepe,
1425 3328 1584 3391 quae
1631 3308 1703 3371 de
1738 3305 2190 3369 Demosthenis
2227 3309 2353 3367 stu·
2539 3382 2540 3395 χ

243 3404 317 3469 (3)
350 3396 455 3459 (110
485 3400 548 3458 et
576 3396 1026 3459 exercitatione
1056 3395 1309 3479 scripsit
1335 3394 1717 3479 Demetrius,
1746 3394 2094 3478 recordare,
2131 3393 2352 3457 deinde
2380 3408 2426 3449 2⁵
2539 3408 2540 3417 ¹

348 3486 419 3545 ut
457 3483 806 3546 amicorum
844 3486 908 3545 et
951 3483 1299 3548 multitudo
1338 3488 1401 3548 et
1436 3504 1671 3569 genera
1715 3485 2075 3566 appareant.
2140 3479 2354 3545 Habes
2498 3556 2535 3613 ³

831 3601 862 3635 ἢ
