2567 3884
904 177 1121 250 L'IBER
1156 197 1258 250 XII
1299 204 1383 266 15,
1423 205 1504 254 16.
2086 197 2213 261 351

330 337 456 414 Qui
493 360 638 402 cum
682 339 846 402 mihi
890 339 961 403 in
1006 362 1298 404 sermone
1344 340 1665 406 iniecisset
1701 363 1767 405 se
1803 341 1968 405 velle
1995 339 2220 404 Asiam
2257 355 2290 403 2

196 426 426 510 visere,
481 448 612 490 non
665 426 858 491 modo
914 428 1249 512 invitatus,
1310 430 1423 493 sed
1475 430 1671 493 etiam
1724 433 1987 515 rogatus
2041 432 2138 492 est
2184 450 2222 491 a

195 536 326 598 me,
365 518 458 577 -ut
503 515 570 578 id
613 515 1025 597 potissimum
1079 516 1268 580 nobis
1327 516 1769 600 optinentibus
1822 517 2223 600 provinciam

194 603 458 686 faceret3
517 602 620 666 cui
677 624 796 667 nos
857 607 920 667 et
977 604 1241 667 caritate
1300 608 1366 667 et
1420 626 1636 669 amore
1694 608 1881 670 tuum
1935 605 2222 668 officium

141 707 168 747 5
193 693 629 773 praestaturos
690 713 824 755 non
886 691 1078 756 debes
1144 688 1455 756 dubitare.
1544 690 1717 756 Illud
1781 713 2036 777 quoque
2099 693 2223 756 erit

193 778 384 842 nobis
441 799 654 861 curae,
709 782 782 842 ut
840 777 1183 863 Cratippus
1237 802 1365 843 una
1419 801 1565 843 cum
1611 801 1688 844 eo
1735 780 1847 865 sit,
1901 802 1982 843 ne
2034 784 2222 862 putes

196 867 264 929 in
309 864 470 929 Asia
512 865 813 929 feriatum
860 867 1045 930 illum
1092 868 1172 931 ab
1220 868 1301 931 iis
1347 868 1596 952 studiis,
1641 868 1711 931 in
1758 890 1920 952 quae
1965 872 2079 931 tua
2125 888 2225 931 co-

194 953 563 1017 hortatione
607 954 939 1039 incitatur,
993 956 1312 1040 futurum3
1357 979 1507 1019 nam
1551 919 1737 1020 illum
1782 959 2106 1039 paratum,
2152 959 2226 1018 ut

196 1041 411 1126 vide0,
473 1045 537 1104 et
590 1041 950 1142 ingressum
994 1043 1186 1126 pleno
1232 1044 1437 1128 gradu
1485 1044 1808 1107 cohortari
1855 1065 1987 1107 non
2032 1043 2225 1106 inter-

115 1150 170 1187 10
198 1093 556 1212 mitteinus,
618 1151 743 1213 quo
799 1130 869 1193 in
916 1130 1049 1194 dies
1092 1131 1353 1216 longius
1400 1131 1698 1196 discendo
1747 1131 2225 1214 exercendoque

200 1239 267 1281 se
310 1181 631 1300 procedat.

333 1302 469 1367 Vos
524 1305 680 1389 quid
733 1305 1007 1391 ageretis
1061 1307 1130 1369 in
1185 1328 1253 1370 re
1307 1329 1368 1390 p.
1356 1357 1396 1391 .,
1456 1328 1601 1370 cum
1654 1307 1771 1370 has
1824 1307 2075 1370 litteras
2123 1306 2226 1369 da-
2263 1321 2296 1368 3

201 1393 368 1475 bam,
405 1414 536 1456 non
562 1393 867 1479 sciebam3
904 1394 1242 1458 audiebam
1278 1395 1590 1478 quaedam
1626 1395 2015 1478 turbulenta,
2064 1416 2225 1477 quae

203 1479 448 1543 scilicet
495 1481 682 1564 cupio
730 1503 864 1545 esse
910 1482 1095 1565 falsa,
1155 1487 1228 1545 ut
1282 1483 1626 1566 aliquando
1675 1483 1883 1547 otiosa
1924 1482 2227 1546 libertate

122 1587 175 1626 15
203 1569 518 1653 fruamur3
565 1569 738 1668 quod
780 1569 884 1633 vel
927 1570 1194 1633 minime
1237 1571 1401 1633 mihi
1446 1571 1655 1634 adhuc
1700 1571 1989 1656 contigit
2080 1570 2225 1656 Ego

204 1659 419 1719 tamen
454 1660 677 1719 nactus
713 1657 782 1719 in
816 1658 1228 1744 navigatione
1271 1662 1495 1722 nostra
1536 1658 1843 1742 pusillum
1876 1658 2227 1722 laxamenti

205 1743 581 1808 concinnavi
635 1745 759 1809 tibi
812 1747 1263 1810 munusculum
1320 1768 1398 1809 ex
1452 1747 1751 1809 instituto
1798 1767 1941 1810 meo
1989 1750 2054 1809 et
2101 1747 2226 1809 dic-

203 1836 343 1896 tum
398 1853 543 1895 cum
597 1854 832 1918 magno
887 1838 1110 1897 nostro
1163 1832 1411 1897 honore
1456 1856 1493 1896 a
1545 1837 1610 1897 te
1657 1834 1899 1896 dictum
1945 1834 2228 1897 conclusi

205 1924 268 1983 et
326 1919 451 1983 tibi
509 1920 680 1984 infra
737 1921 1102 2005 subscripsi.
1192 1920 1269 1985 In
1331 1921 1565 2005 quibus
1609 1921 1939 1985 versiculis
1994 1921 2050 1984 si
2103 1921 2228 1984 tibi

122 2027 176 2066 20
205 2007 588 2091 quibusdam
646 2009 862 2073 verbis
920 2008 1613 2094 εὐθυρρημονέστερος
1670 2008 1967 2091 videbor,
2027 2009 2229 2091 turpi-

202 2096 362 2159 tudo
405 2118 716 2179 personae
762 2096 923 2181 eius,
981 2097 1050 2160 in
1099 2119 1291 2181 quam
1344 2096 1612 2160 liberius
1665 2095 2056 2180 invehimur,
2109 2118 2228 2159 nos

205 2183 573 2247 vindicabit.
681 2182 985 2270 Ignosces
1049 2186 1243 2248 etiam
1298 2184 1663 2248 iracundiae
1724 2188 2006 2267 nostrae,
2067 2206 2229 2267 quae

205 2269 435 2333 iustast
501 2272 570 2333 in
633 2271 767 2335 eius
834 2273 1012 2335 modi
1076 2277 1139 2336 et
1200 2271 1495 2336 homines
1560 2276 1625 2337 et
1688 2273 1872 2336 civeS.
1980 2271 2229 2336 Deinde

208 2357 319 2440 qui
346 2359 552 2444 magis
588 2359 713 2422 hoc
737 2359 989 2423 Lucilio
1026 2361 1283 2424 licuerit
1311 2361 1643 2424 adsumere
1678 2360 1998 2424 libertatis
2036 2382 2231 2443 quam

124 2463 177 2502 25
206 2445 439 2508 nobis?
485 2467 647 2531 cum,
693 2447 945 2511 etiamsi
992 2448 1140 2512 odio
1185 2448 1329 2548 pari
1373 2449 1570 2512 fuerit
1615 2449 1683 2511 in
1729 2469 1855 2530 eOS,
1902 2469 2062 2548 quos
2107 2449 2231 2511 lae-

206 2533 322 2617 sit,
377 2537 593 2597 tamen
647 2539 816 2599 certe
860 2557 992 2600 non
1046 2537 1255 2622 magis
1302 2537 1530 2621 dignos
1575 2535 1901 2618 habuerit,
1955 2536 2024 2598 in
2070 2557 2231 2619 quos

205 2625 388 2684 tanta
444 2621 743 2686 libertate
797 2624 1143 2687 verborum
1201 2624 1572 2687 incurreret.
1665 2623 1789 2706 Tu,
1850 2587 2015 2686 sicut
2069 2623 2231 2685 mihi
2270 2639 2302 2684 4

203 2708 532 2793 pollicitus
578 2730 674 2794 es,
721 2710 1028 2797 adiunges
1073 2733 1177 2775 me
1223 2733 1417 2795 quam
1460 2711 1742 2811 primurn
1790 2711 1869 2774 ad
1914 2715 2061 2774 tuos
2107 2732 2233 2773 ser-

204 2818 454 2881 mones3
498 2819 774 2880 namque
810 2799 974 2862 illud
1007 2821 1138 2862 non
1179 2799 1423 2882 dubito,
1463 2799 1636 2882 quin,
1684 2798 1739 2862 si
1756 2798 1932 2898 ⁸quid
1970 2797 2046 2860 (10
2071 2797 2233 2861 inte-

124 2903 176 2942 30
205 2885 338 2948 ritu
377 2883 664 2948 Caesaris
701 2886 958 2970 scribas,
999 2908 1132 2950 non
1166 2887 1435 2970 patiaris
1472 2908 1575 2949 me
1611 2885 1947 2948 minimam
1981 2888 2233 2968 partem

205 2977 270 3036 et
315 2972 410 3036 rei
456 2976 521 3036 et
567 2973 803 3036 amoris
846 2975 944 3038 tui
1000 2975 1183 3038 ferre.
1275 2972 1439 3037 Vale
1495 2975 1558 3037 et
1612 2977 1883 3036 matrem
1930 2994 2235 3056 meosque

205 3060 330 3124 tibi
376 3061 852 3126 commendatos
895 3061 1080 3126 habe.
1171 3061 1250 3126 D.
1299 3080 1426 3125 V111
1471 3061 1550 3125 K.
1596 3059 1734 3124 Iun.
1780 3060 2072 3125 Athenis,
