2567 3884
336 199 462 264 166
1083 198 1599 253 EPISTULARUM

329 344 457 408 hoc
517 347 806 425 tempore
869 341 1165 406 monebo.
1271 340 1461 406 Nihil
1522 344 1681 425 puto
1744 341 1869 406 tibi
1933 362 2069 406 esse
2132 342 2362 406 utilius

334 455 526 516 quam
579 431 822 495 ibidem
877 429 1190 515 opperiri,
1250 429 1464 513 quoad
1518 430 1679 493 scire
1731 429 1968 513 poesia,
2025 430 2181 514 quid
2234 430 2362 494 tibi

333 520 652 606 agendum
697 519 798 583 sit.
887 517 1059 583 Nam
1102 521 1358 601 praeter
1392 518 1823 604 navigationis
1856 518 2089 603 longae
2126 521 2190 582 et
2224 518 2362 582 hie·

332 609 520 672 malis
565 611 629 671 et
673 607 939 671 minime
983 610 1327 690 portuosae
1380 606 1764 692 periculum,
1819 606 1995 691 quod
2035 606 2360 691 vitaveris,

333 718 413 761 ne
457 696 622 761 illud
667 695 926 779 quidem
978 716 1111 759 non
1156 694 1506 779 quantivis,
1561 693 1804 778 subit0,
1851 715 1997 758 cum
2043 696 2201 759 certi
2246 694 2361 758 ali-
2427 713 2459 753 5

335 785 491 869 quid
527 784 821 868 audieriS,
865 786 931 847 te
964 783 1144 847 istim
1178 804 1366 867 posse
1401 782 1737 866 proficisci.
1826 781 2013 847 Nihil
2050 787 2146 847 est
2180 804 2361 867 prae-

333 877 526 958 terea,
565 894 678 936 cur
713 871 1092 936 adventibus
1129 875 1194 934 te
1232 872 1462 935 offerre
1488 871 1742 957 gestias,
1788 868 1997 934 Multa
2031 875 2361 955 praeterea

333 965 578 1045 metuo,
638 982 800 1043 quae
859 980 1004 1023 cum
1061 957 1284 1023 Cilone
1340 962 1562 1023 nostro
1617 959 2098 1023 communicavi.
2190 958 2364 1035 Quid

334 1050 581 1114 multa?
633 1048 778 1112 loco
836 1047 1295 1131 opportuniore
1341 1048 1410 1110 in
1461 1047 1565 1111 his
1609 1047 1796 1111 malis
1842 1047 2022 1111 nullo
2068 1069 2202 1111 esse
2246 1069 2361 1131 po-

334 1138 544 1221 tuisti,
599 1158 678 1200 ex
734 1157 860 1220 quo
915 1139 1006 1220 te,
1072 1157 1476 1219 quocumque
1532 1157 1691 1219 opus
1737 1135 1889 1220 erit,
1943 1135 2245 1199 facillime
2292 1139 2360 1199 et
2390 1154 2453 1193 10

336 1224 810 1309 expeditissime
883 1224 1186 1288 conferas,
1308 1222 1549 1299 Quodsi
1622 1222 1886 1308 recipiet
1957 1224 2068 1287 ille
2144 1245 2211 1287 se
2274 1224 2359 1287 ad

334 1318 606 1397 tempus,
661 1312 894 1398 aderis;
949 1312 1048 1375 sin
1103 1309 1439 1398 (quoniam
1483 1311 1688 1375 multa
1732 1312 2015 1376 accidere
2058 1308 2359 1399 possunt)

336 1401 552 1484 aliqua
597 1422 697 1465 res
744 1422 890 1465 eum
934 1400 1038 1465 vel
1080 1401 1368 1485 inpediet
1412 1401 1515 1464 vel
1549 1399 1927 1483 morabitur,
1972 1405 2045 1464 tu
2082 1399 2176 1463 ibi
2214 1400 2359 1485 eris,

335 1489 449 1553 ubi
497 1489 712 1553 omnia
766 1489 925 1552 scire
979 1489 1202 1572 possis
1294 1488 1440 1552 Hoc
1481 1488 1644 1552 mihi
1688 1510 1951 1571 prorsus
1995 1488 2179 1552 valde
2222 1488 2358 1572 pla—

336 1580 451 1641 cet.
514 1577 613 1641 De
660 1577 926 1660 reliqu0,
970 1581 1045 1640 ut
1088 1582 1154 1641 te
1199 1598 1386 1660 saepe
1430 1598 1546 1660 per
1579 1576 1829 1640 litteras
1863 1577 2159 1640 hortatus
2195 1598 2357 1661 sum,
2389 1594 2445 1633 15

335 1666 427 1729 ita
470 1666 666 1729 velim
701 1664 824 1728 tibi
859 1664 1256 1749 persuadeas,
1300 1668 1366 1728 te
1401 1664 1471 1727 in
1514 1663 1637 1728 hac
1680 1685 1869 1728 causa
1910 1664 2077 1728 nihil
2118 1663 2358 1729 habere

335 1753 510 1837 quod
554 1752 677 1816 tibi
722 1752 1079 1816 timendum
1126 1752 1211 1816 sit
1253 1755 1508 1835 praeter
1554 1773 1957 1817 communem
2002 1774 2217 1817 casum
2270 1753 2359 1817 ci-

335 1841 569 1905 vitatis.
619 1840 744 1917 Qui
791 1841 910 1904 etsi
957 1844 1054 1904 est
1097 1841 1531 1926 gravissimUS,
1577 1844 1794 1905 tamen
1838 1842 1931 1905 ita
1974 1841 2254 1905 viximus
2292 1845 2358 1905 et

334 1930 402 1993 id
439 1930 666 1994 aetatis
700 1929 830 1993 iam
876 1949 1112 2012 sumus,
1157 1932 1231 1993 ut
1268 1929 1500 2012 omnia,
1547 1950 1709 2012 quae
1745 1951 1876 1994 non
1912 1933 2133 1993 nostra
2168 1929 2357 2013 culpa

333 2018 522 2082 nobis
568 2018 873 2100 accidant,
919 2017 1177 2080 fortiter
1211 2018 1379 2081 ferre
1418 2016 1774 2082 debeamus.
1838 2016 1965 2082 Hic
1999 2018 2097 2081 tui
2134 2038 2356 2082 omnes
2386 2036 2439 2075 20

331 2106 548 2170 valent
601 2126 974 2188 summaque
1026 2104 1265 2188 pietate
1319 2109 1384 2169 te
1439 2105 1801 2170 desiderant
1845 2110 1911 2170 et
1965 2105 2246 2192 diligunt
2291 2109 2357 2170 et

333 2194 570 2258 colunt.
651 2193 751 2257 Tu
788 2214 940 2257 cura
984 2196 1058 2257 ut
1093 2192 1307 2257 valeas
1352 2196 1416 2257 et
1459 2197 1526 2256 te
1571 2193 1749 2257 istim
1794 2216 1875 2258 ne
1909 2198 2150 2258 temere
2186 2215 2357 2259 com-

330 2302 606 2346 moveas.

1259 2435 1432 2503 XXI.

756 2558 871 2615 Ser.
909 2560 1116 2615 Romae
1152 2560 1230 2613 in.
1267 2576 1337 2612 m.
1376 2558 1503 2612 Ian.
1550 2576 1602 2613 a.
1645 2562 1755 2613 709
1794 2560 1926 2628 (45).
2385 2578 2437 2619 25

919 2740 934 2751 ‚
1021 2681 1276 2737 CICERO
1316 2680 1658 2737 TORANIO.

463 2808 625 2892 Etsi,
672 2829 816 2872 cum
851 2808 1010 2872 haec
1045 2808 1126 2871 ad
1160 2811 1226 2871 te
1263 2807 1638 2891 scribebam,
1685 2810 1797 2871 aut
1842 2806 2357 2892 adpropinquare

331 2898 541 2961 exitus
594 2897 787 2960 huius
843 2896 1381 2959 calamitosissimi
1434 2896 1589 2959 belli
1636 2898 1747 2959 aut
1792 2896 1921 2961 iam
1967 2896 2212 2980 aliquid
2257 2918 2356 2961 ac-

327 2989 468 3049 tum
515 2989 581 3049 et
625 2984 987 3048 confectum
1032 2983 1388 3067 videbatur,
1432 2987 1647 3047 tamen
1692 2984 1928 3049 cotidie
1974 3006 2357 3049 commemo-

328 3072 551 3137 rabam
604 3076 670 3136 te
724 3094 924 3136 unum
977 3072 1047 3135 in
1100 3074 1284 3135 tanto
1340 3072 1623 3135 exercitu
1676 3072 1839 3136 mihi
1893 3073 2089 3137 fuisse
2135 3072 2356 3137 adsen-
2383 3090 2435 3129 80

328 3183 538 3226 sorem
583 3164 648 3224 et
691 3182 796 3225 me
840 3159 982 3243 tibi,
1027 3159 1326 3243 solosque
1369 3181 1487 3225 non
1532 3159 1784 3245 vidisse,
1831 3164 2142 3245 quantum
2188 3164 2356 3225 esset

327 3249 396 3312 in
433 3270 507 3313 eo
545 3247 717 3312 bello
754 3248 926 3331 mali,
971 3248 1040 3312 in
1077 3269 1205 3331 quo
1243 3270 1355 3332 spe
1390 3248 1565 3331 pacis
1601 3248 1857 3313 exclusa
1901 3250 2041 3334 ipsa
2084 3248 2357 3313 victoria

326 3337 546 3399 futura
599 3340 765 3400 esset
821 3335 1255 3420 acerbissima,
1317 3357 1478 3420 quae
1534 3340 1645 3400 aut
1698 3336 2035 3401 interitum
2081 3336 2357 3401 allatura

327 3428 510 3509 esset,
547 3423 601 3486 si
637 3425 846 3489 victu·
884 3445 1068 3507 esses,
1107 3428 1236 3507 aut,
1273 3424 1329 3487 si
1364 3424 1641 3509 vicisses,
1678 3426 2071 3489 servitutem.
2125 3423 2355 3510 Itaque

326 3532 465 3596 ego,
511 3533 702 3595 quem
738 3515 878 3576 tum
915 3512 1115 3575 fortes
1159 3511 1258 3575 illi
1304 3511 1429 3576 viri
1475 3516 1540 3576 et
1586 3513 1920 3599 sapienteS,
1964 3512 2241 3577 Domitii
2289 3518 2355 3578 et
2382 3530 2435 3570 ³5
