2567 3884
320 1250 366 1313 5

310 1340 374 1389 15

315 2010 380 2059 16

407 179 538 242 512
1133 178 1589 232 EPISTULARU
1600 179 1659 230 M

404 326 472 385 et
527 322 636 405 qui
691 325 831 385 tum
876 319 1152 385 Athenis
1205 322 1438 405 fuerat,
1494 343 1639 385 cum
1691 321 1952 385 Licinus
2010 343 2094 385 60
2149 323 2441 405 venisset,

408 432 553 474 cum
599 432 746 473 eum
790 410 1139 496 fugitivum
1184 431 1319 473 esse
1367 414 1591 493 postea
1637 432 1716 473 ex
1758 407 2001 493 Aesopi
2047 410 2317 474 litteris
2362 433 2442 473 co

405 502 686 585 gnosset,
728 498 1057 561 hominem
1095 497 1577 580 comprehendit
1605 501 1669 561 et
1706 498 1773 561 in
1801 498 2175 563 custodiam
2208 498 2440 583 Ephesi

406 586 698 670 tradidit,
753 586 889 669 sed,
944 586 1013 649 in
1064 585 1390 669 publicam
1435 607 1517 648 an
1561 586 1630 648 in
1674 586 2052 669 pistrinum,
2106 608 2259 650 non
2308 588 2441 651 satis

409 696 489 738 ex
523 674 758 737 litteris
795 674 931 737 eius
967 674 1339 759 intellegere
1374 674 1721 756 potuimus.
1784 673 1899 758 Tu,
1937 695 2223 758 quoquo
2265 676 2440 739 modo
2473 694 2481 729 1

409 766 522 846 est,
561 761 863 845 quoniam
891 761 1131 845 Ephesi
1159 764 1273 844 est,
1308 761 1637 825 hominem
1664 762 2010 847 investiges
2037 763 2265 827 velim
2296 786 2441 827 sum-

408 871 638 933 maque
698 850 1032 935 diligentia
1088 850 1190 914 vel
1247 853 1460 913 tecum
1522 849 1807 913 deducas.
1903 848 2065 914 Noli
2139 856 2440 935 spectare,

411 938 635 1020 quanti
678 938 874 1001 homo
922 938 1031 1022 sit3
1075 938 1258 1021 parvi
1296 937 1467 1000 6111111
1510 938 1704 1021 pretii
1740 940 1853 1021 est,
1899 938 2013 1021 qui
2060 941 2218 1003 tam
2270 941 2439 1003 nihili

411 1026 510 1089 sit.
576 1024 703 1089 Sed
735 1029 917 1089 tanto
955 1025 1173 1089 dolore
1198 1024 1492 1107 Aesopus
1519 1030 1616 1089 est
1652 1025 1935 1089 adfectus
1970 1031 2269 1110 propter
2298 1028 2438 1092 servi

411 1115 616 1177 scelus
671 1117 735 1177 et
789 1114 1141 1198 audaciam,
1197 1116 1269 1178 ut
1323 1113 1490 1176 nihil
1544 1114 1603 1177 ei
1656 1113 1903 1199 gratius
1950 1113 2175 1178 facere
2228 1118 2463 1199 possis:

414 1223 606 1285 quam
651 1201 707 1265 si
750 1201 935 1264 illum
980 1222 1096 1285 per
1136 1205 1202 1264 te
1248 1201 1652 1284 recuperarit.

543 1289 736 1354 Nunc
770 1310 844 1351 ea
880 1310 1207 1374 cognosce,
1254 1310 1415 1371 quae
1450 1289 1727 1352 maxime
1764 1292 2045 1372 exoptas
2120 1288 2309 1355 Rem
2353 1314 2440 1375 pu-

413 1377 649 1441 blicam
707 1376 996 1439 funditus
1049 1376 1403 1460 amisimUS,
1468 1377 1625 1440 adeo
1684 1380 1757 1439 ut
1813 1375 2005 1461 Cato,
2069 1378 2439 1443 adulescens

413 1465 653 1528 nullius
699 1464 966 1548 consilii,
1013 1465 1124 1527 sed
1166 1469 1384 1528 tamen
1419 1464 1577 1529 civis
1621 1463 1949 1528 Romanus
1996 1467 2064 1528 et
2108 1464 2313 1552 Cato,
2358 1469 2439 1530 vix

414 1553 599 1617 vivus
645 1551 966 1637 effugerit,
1012 1552 1201 1636 quod,
1246 1573 1394 1615 cum
1441 1550 1787 1616 Gabinium
1831 1551 1908 1615 de
1953 1552 2233 1619 ambitu
2271 1557 2439 1620 vellet
2456 1572 2475 1607 2‘

414 1639 756 1725 postulare,
800 1661 1005 1723 neque
1049 1643 1376 1723 praetores
1414 1639 1637 1704 diebus
1682 1639 1927 1723 aliquot
1964 1641 2141 1705 adiri
2191 1648 2441 1727 possent

415 1729 519 1793 vel
561 1730 944 1811 potestatem
991 1728 1090 1791 sui
1134 1728 1440 1811 facerent,
1495 1728 1563 1791 in
1618 1728 1983 1791 contionem
2040 1734 2359 1796 escendit
2398 1738 2443 1795 et

414 1816 793 1900 Pompeium
849 1816 1201 1899 ‘privatum
1247 1815 1656 1879 dictatorem'
1703 1816 2071 1899 appellavit.
2172 1818 2443 1905 Propius

416 1905 582 1969 nihil
634 1908 731 1968 est
775 1905 1040 1988 factum,
1096 1925 1289 1986 quam
1342 1907 1417 1967 ut
1472 1903 1878 1967 occideretur.
1970 1903 2081 1967 Ex
2130 1906 2306 1993 hoc,
2361 1908 2445 1992 qui

418 1995 502 2057 sit
555 1996 759 2057 status
811 1992 1012 2055 totius
1065 1991 1157 2054 rei
1211 1991 1532 2076 publicae,
1591 1991 1806 2055 videre
1863 1995 2069 2075 potes.
2172 1994 2472 2061 Nostrae:

416 2086 631 2145 tamen
685 2101 907 2145 causae
958 2101 1090 2143 non
1134 2078 1434 2143 videntur
1486 2079 1779 2143 homines
1833 2079 2159 2167 defuturi3
2230 2087 2445 2149 miran-

419 2171 571 2232 dum
624 2168 693 2232 in
745 2168 1007 2232 modum
1058 2168 1473 2251 profitentur,
1540 2168 1815 2231 offerunt
1869 2189 1967 2252 se,
2030 2170 2444 2252 pollicentur.

416 2255 735 2340 Equidem
773 2277 917 2319 cum
962 2277 1072 2338 spe
1119 2276 1259 2319 sum
1296 2256 1576 2319 maxima
1615 2260 1755 2320 tum
1790 2256 2036 2320 maiore
2078 2260 2309 2326 etiam
2346 2262 2445 2325 ani·
2491 2259 2493 2303 ¹

415 2366 550 2428 m0,
597 2365 735 2427 spe,
783 2344 1140 2426 superiores
1183 2345 1321 2407 fore
1358 2364 1495 2427 nos,
1541 2344 1772 2427 anim0,
1819 2348 1892 2406 ut
1936 2344 2009 2407 in
2053 2345 2197 2411 hac
2252 2372 2329 2415 re
2363 2370 2445 2433 pu·
2491 2310 2493 2409 1

417 2432 586 2496 blica
631 2453 710 2495 116
746 2452 963 2494 casum
999 2431 1257 2514 quidem
1292 2432 1498 2495 ullum
1533 2432 1995 2515 pertimescam.
2062 2433 2213 2499 Sed
2252 2442 2468 2502 tamen-

416 2542 484 2584 se
539 2541 640 2583 res
695 2519 786 2583 sic
837 2518 1057 2582 habet:
1133 2517 1202 2582 Si
1258 2520 1426 2583 diem
1483 2519 1673 2583 nobis
1733 2519 1993 2604 dixerit,
2059 2524 2227 2589 tota
2286 2526 2443 2591 Italia

415 2611 768 2691 concurret,
805 2610 878 2669 ut
913 2606 1339 2689 multiplicata
1372 2608 1581 2694 gloria
1617 2608 2039 2693 discedamu83
2096 2612 2213 2676 sin
2258 2620 2443 2678 autem

417 2696 482 2759 vi
528 2716 716 2780 agere
762 2695 1114 2779 conabitur,
1160 2716 1345 2778 spero
1392 2696 1529 2759 fore
1576 2696 1804 2761 studiis
1848 2717 1981 2759 non
2030 2700 2279 2766 solum
2326 2702 2445 2766 ami·

415 2805 656 2867 corum,
703 2783 812 2846 sed
858 2783 1051 2846 etiam
1097 2782 1451 2846 alienorum
1497 2787 1570 2847 ut
1614 2784 1680 2848 vi
1730 2784 2135 2851 resistamus.
2233 2790 2445 2855 Omnes

418 2876 482 2936 et
529 2894 594 2935 se
639 2875 705 2934 et
750 2892 898 2934 suos
943 2871 1205 2955 amicos,
1261 2871 1550 2955 clientes,
1602 2871 1894 2957 libertos,
1950 2894 2227 2962 servos,
2292 2900 2445 2964 pecu-

415 2960 556 3023 nias
604 2958 874 3041 denique
929 2980 1073 3022 suas
1117 2959 1518 3043 pollicentur.
1608 2959 1849 3025 Nostra
1899 2962 2193 3047 antiqua
2246 2986 2447 3032 manus

418 3047 736 3111 bonorum
764 3047 942 3110 ardet
980 3047 1192 3110 studio
1229 3048 1436 3110 nostri
1465 3051 1658 3130 atque
1694 3070 1925 3112 amore.
1996 3048 2072 3113 Si
2119 3056 2252 3138 qui
2297 3062 2449 3121 antea

415 3139 527 3198 aut
581 3135 918 3197 alieniores
982 3134 1234 3197 fuerant
1289 3139 1400 3198 aut
1451 3135 1885 3220 languidiores
1897 3186 1916 3220 ,
1976 3160 2175 3206 nunc
2240 3144 2449 3209 horum

417 3245 642 3308 regum
689 3222 836 3285 odio
884 3243 950 3285 se
996 3243 1141 3285 cum
1184 3221 1371 3285 bonis
1410 3224 1823 3308 coniungunt.
1912 3222 2309 3312 Pompeius
2354 3254 2449 3297 om·

415 3311 524 3375 nia
567 3310 908 3394 pollicetur
945 3313 1007 3373 et
1047 3310 1306 3395 Caesam
1352 3310 1586 3393 quibus
1624 3332 1743 3397 ego
1781 3311 1872 3374 ita
1909 3313 2138 3400 credo,
2192 3326 2281 3385 ut
2320 3316 2486 3395 nihil*¹

419 3398 494 3461 de
539 3420 682 3462 mea
728 3397 1199 3480 comparatione
1246 3396 1624 3462 deminuam.
1690 3398 1962 3463 Tribuni
2000 3402 2097 3484 pl.
2147 3406 2449 3495 designat:

415 3490 567 3551 sunt
611 3485 800 3549 nobis
846 3484 1059 3569 amici3
1107 3485 1397 3548 consules
1444 3507 1509 3550 se
1557 3486 1797 3571 optime
1845 3490 2259 3583 ostendunt3
2306 3516 2449 3581 pmc—
