2567 3884
1006 196 1225 251 LIBER
1259 198 1313 251 11
1350 204 1400 267 5,
1439 204 1488 253 6.
2169 202 2256 269 35

213 344 410 404 tunas
456 359 603 404 suas
648 342 867 405 tantae
914 362 1103 405 curae
1147 342 1346 406 fuisse
1391 363 1700 427 umquam
1744 347 1905 428 puto
1912 395 1931 430 ,
1979 349 2256 429 quantae

213 428 382 493 mihi
437 428 523 493 sit
575 428 785 493 honos
844 428 1011 514 eius,
1071 429 1141 493 in
1201 452 1330 514 quo
1392 432 1609 495 omnia
1665 454 1809 497 mea
1860 434 2074 517 posita
2117 456 2255 500 esse

217 516 487 581 decrevi.
577 515 753 581 Huic
804 519 871 581 te
925 538 1127 581 unum
1173 521 1358 582 tanto
1405 519 1775 584 adiumento
1823 542 1983 606 esse,
2045 522 2101 587 si
2145 545 2255 589 vo-

212 605 433 690 lueriS,
478 626 667 688 posse
712 604 1040 691 intelleg0,
1090 609 1164 670 ut
1208 606 1377 670 nihil
1421 607 1508 670 sit
1550 611 1880 692 praeterea
1923 610 2114 675 nobis
2159 632 2255 677 re-

154 713 183 754 5
217 693 621 777 quirendum.
712 692 1045 757 Habemus
1090 694 1249 758 haec
1295 696 1512 759 omnia
1527 746 1546 779 ,
1601 696 1923 761 bonorum
1967 698 2255 767 studium

214 781 631 846 conciliatum
675 803 757 847 ex
792 781 1130 846 tribunatu
1173 787 1442 867 propter
1484 787 1791 869 nostram,
1836 788 1910 849 ut
1955 807 2144 870 spero
2189 790 2254 852 te

212 870 608 956 intellegere,
644 891 918 955 causam,
946 870 1128 957 vulgi
1154 892 1229 935 ac
1254 870 1692 935 multitudinis
1717 877 1983 957 propter
2008 875 2255 961 magni-

210 957 539 1023 ficentiam
574 980 916 1023 munerum
949 958 1535 1044 liberalitatemque
1569 964 1854 1046 naturae,
1898 961 2254 1027 iuventutis

213 1051 283 1113 et
326 1047 763 1133 gratiosorum
817 1047 886 1111 in
942 1048 1265 1135 suffragiis
1319 1049 1536 1112 studia
1588 1053 1855 1134 propter
1899 1050 2102 1133 ipsius
2148 1072 2253 1115 ex-

127 1156 183 1195 1⁰
214 1134 554 1199 cellentem
612 1135 683 1199 in
742 1156 819 1200 eo
877 1156 1111 1221 genere
1169 1136 1275 1200 vel
1331 1137 1610 1223 gratiam
1666 1137 1773 1202 vel
1831 1138 2252 1225 diligentiam,

210 1228 505 1288 nostram
550 1223 1102 1311 suffragationem,
1148 1225 1204 1288 si
1248 1225 1465 1289 minus
1508 1228 1865 1311 potentem,
1913 1230 1979 1291 at
2022 1228 2253 1311 proba-

213 1316 351 1376 tam
395 1316 612 1376 tamen
657 1316 722 1376 et
776 1311 1015 1376 iustam
1060 1316 1125 1377 et
1181 1313 1466 1378 debitam
1512 1317 1576 1377 et
1629 1318 1935 1399 proptera
1977 1316 2251 1381 fortasse

212 1401 413 1465 etiam
456 1400 823 1487 gratiosam.
913 1400 1067 1465 Dux
1109 1401 1302 1465 nobis
1346 1406 1411 1466 et
1455 1406 1682 1467 auctor
1717 1424 1878 1487 opus
1915 1407 2012 1468 est
2048 1408 2113 1469 et
2149 1426 2250 1469 eo·
2285 1422 2322 1469 4

212 1510 362 1553 rum
414 1492 782 1574 ventorum,
843 1510 1005 1574 quos
1058 1490 1394 1574 proposui,
1453 1491 1823 1555 moderator
1877 1492 2140 1576 quidam
2185 1497 2251 1557 et

126 1597 183 1639 15
213 1576 401 1661 quasi
452 1577 863 1663 gubernator.
956 1576 1083 1654 Qui
1136 1578 1191 1641 si
1244 1599 1328 1642 ex
1373 1579 1674 1644 omnibus
1718 1601 1886 1644 unus
1932 1581 2250 1664 optandus

212 1669 399 1750 esset,
446 1685 638 1749 quem
681 1669 896 1730 tecum
942 1666 1231 1730 conferre
1275 1688 1627 1752 possemus,
1672 1689 1804 1732 non
1847 1668 2248 1733 haberemus.

212 1753 423 1831 Quam
471 1754 554 1817 ob
602 1774 756 1839 rem,
803 1754 858 1817 si
901 1776 1007 1818 me
1051 1776 1422 1840 memorem,
1469 1756 1524 1819 si
1569 1760 1856 1842 gratum,
1903 1756 1958 1820 si
2003 1757 2248 1822 bonum

210 1842 429 1906 virum
472 1841 578 1906 vel
622 1862 702 1905 ex
744 1841 871 1906 1100
914 1842 1056 1926 ipso
1064 1894 1083 1928 ,
1138 1843 1313 1927 quod
1366 1847 1500 1908 tam
1546 1844 1957 1909 vehementer
2005 1845 2083 1909 de
2127 1844 2249 1908 Mi-

207 1930 361 1995 lone
423 1929 713 1994 laborem
724 1980 743 2015 ,
808 1930 1175 1995 existimare
1237 1935 1454 2016 potes,
1519 1932 1575 1996 si
1640 1932 1908 2019 dignum
1973 1933 2248 2017 denique

126 2041 181 2081 20
208 2019 344 2083 tuis
402 2017 731 2082 beneficiis
789 2017 1062 2103 iudicas,
1119 2019 1245 2083 hoc
1305 2042 1343 2083 a
1399 2023 1466 2084 te
1523 2024 1708 2106 peto,
1773 2024 1845 2085 ut
1905 2021 2246 2085 subvenias

207 2107 367 2171 huic
409 2128 588 2171 meae
634 2106 1055 2171 sollicitudini
1100 2111 1164 2172 et
1207 2108 1362 2171 huic
1405 2130 1584 2173 meae
1627 2108 1804 2173 laudi
1848 2108 1978 2194 vel,
2025 2114 2099 2175 ut
2143 2132 2248 2175 ve-

207 2196 347 2259 rius
412 2194 649 2279 dicam,
720 2216 921 2279 prope
996 2194 1189 2259 saluti
1258 2200 1447 2260 tuum
1519 2197 1805 2262 studium
1871 2197 2056 2262 dices,
2147 2198 2246 2262 De

205 2285 353 2368 ipso
399 2280 470 2346 Τ.
516 2281 733 2346 Annio
777 2286 1033 2347 tantum
1076 2284 1201 2347 tibi
1243 2284 1581 2369 polliceor,
1625 2289 1693 2350 te
1728 2286 1992 2351 maioris
2028 2286 2247 2371 animi,

207 2370 568 2459 gravitatis,
604 2371 999 2436 constantiae
1034 2372 1632 2457 benivolentiaeque
1669 2395 1823 2460 erga
1857 2378 1940 2460 te,
1987 2375 2042 2439 si
2079 2395 2247 2439 com-

128 2475 181 2515 25
209 2459 410 2545 plecti
473 2459 804 2524 hominem
865 2460 1146 2525 volueris
1158 2512 1177 2545 ,
1248 2461 1628 2526 habiturum
1691 2484 1827 2527 esse
1889 2462 2246 2549 neminem3

207 2548 376 2612 mihi
421 2568 574 2612 vero
619 2552 875 2612 tantum
922 2549 1193 2634 decoris,
1247 2553 1504 2613 tantum
1561 2549 1898 2637 dignitatis
1944 2551 2246 2615 adiunxe-

207 2637 330 2721 ris,
390 2640 465 2699 ut
523 2636 795 2701 eundem
852 2640 919 2701 te
976 2637 1163 2701 facile
1222 2638 1610 2725 adgnoscam
1667 2639 1865 2703 fuisse
1924 2639 1994 2703 in
2050 2639 2241 2703 laude
2399 2717 2404 2722 .

206 2747 378 2810 mea,
436 2724 549 2808 qui
600 2724 801 2789 fueris
856 2726 926 2789 in
980 2724 1200 2791 salute.
1292 2725 1438 2813 Ego
1492 2726 1562 2789 ni
1607 2730 1674 2791 te
1717 2727 1935 2791 videre
1991 2727 2239 2812 scirem,
2279 2742 2310 2793 5

207 2835 339 2898 qua
392 2815 607 2877 mente
670 2813 829 2877 haec
891 2813 1261 2899 scriberem,
1328 2818 1642 2899 quantum
1708 2814 1908 2879 officii
1973 2815 2244 2879 sustine—

125 2918 179 2958 80
204 2924 372 2986 rem,
435 2904 677 2985 quanto
725 2922 915 2986 opere
960 2902 1123 2966 mihi
1169 2906 1335 2966 esset
1389 2902 1459 2966 in
1513 2902 1636 2967 hac
1686 2904 2000 2987 petitione
2055 2902 2242 2967 Milo-

202 2990 308 3054 nis
357 2989 535 3054 omni
579 3011 710 3053 non
745 2990 939 3053 modo
978 2991 1405 3077 contentione,
1451 2990 1564 3055 sed
1599 2991 1794 3056 etiam
1832 2991 2242 3055 dimicatione

203 3078 694 3163 elaborandum,
748 3077 937 3165 plura
990 3079 1361 3166 scriberem3
1414 3100 1588 3144 nunc
1631 3080 1756 3144 tibi
1803 3100 2060 3143 omnem
2104 3102 2242 3147 rem

202 3171 401 3252 atque
463 3186 718 3230 causam
776 3188 1006 3251 meque
1068 3171 1281 3232 totum
1346 3168 1722 3232 commendo
1783 3169 1976 3250 atque
2034 3168 2238 3233 trado.

200 3254 427 3319 Unum
486 3253 611 3318 hoc
670 3254 763 3318 sic
818 3254 1082 3340 habete,
1142 3256 1199 3319 si
1255 3279 1294 3320 a
1347 3260 1412 3320 te
1466 3255 1633 3319 hanc
1687 3278 1824 3321 rem
1869 3256 2239 3343 impetrarO,

121 3359 173 3401 ³5
199 3365 308 3407 me
352 3364 557 3427 paene
599 3342 747 3427 plus
791 3343 916 3407 tibi
962 3366 1155 3429 quam
1199 3344 1326 3429 ipsi
1371 3343 1604 3408 Miloni
1652 3344 2048 3432 debiturum3
2105 3366 2238 3410 non

200 3431 378 3496 enim
436 3429 601 3495 mihi
659 3435 795 3495 tam
852 3453 996 3496 mea
1053 3433 1224 3498 salus
1278 3455 1426 3497 cara
1478 3432 1632 3518 fuit,
1691 3433 1761 3497 in
1817 3453 1944 3518 qua
1997 3435 2240 3519 praeci-

196 3542 331 3606 pue
374 3540 519 3584 sum
565 3520 645 3583 ab
692 3520 808 3584 illo
846 3520 1119 3608 adiutus,
1166 3544 1360 3606 quam
1395 3521 1604 3605 pietas
1639 3522 1763 3585 erit
1800 3522 1869 3586 in
1905 3522 2238 3587 referenda

1807 3627 1876 3679 3*
