2567 3884
651 230 750 283 AD
791 227 1031 293 QUINT.
1068 228 1330 282 FRATR.
1368 228 1584 281 LIBER
1619 228 1698 280 ΙΠ
1734 234 1784 296 8,
1824 234 1872 282 9.
2142 228 2275 291 559

241 376 450 456 optus,
497 393 690 455 quam
737 393 803 435 se
849 372 985 454 ipse
1033 393 1252 435 amans
1300 371 1437 434 sine
1481 372 1699 434 rivali!
1758 371 2057 435 Crassum
2100 369 2274 435 Iuni-

242 483 455 544 anum,
501 459 832 523 hominem
867 459 1031 523 mihi
1070 459 1375 543 deditum,
1411 481 1528 543 per
1560 481 1664 523 me
1702 459 2029 523 deterruit.
2075 458 2273 543 Velit,

241 548 436 632 nolit,
494 548 654 611 scire
710 547 973 610 difficile
1030 550 1152 632 est3
1205 546 1406 610 Hirro
1452 550 1668 611 tamen
1713 551 1943 633 agente
1987 547 2160 611 nolle
2206 568 2273 611 se

241 659 375 701 non
419 635 742 720 probabit.
816 634 1018 699 Aliud
1059 634 1185 698 hoc
1230 639 1520 718 tempore
1568 636 1645 699 de
1691 657 1759 698 re
1803 635 2064 719 publica
2107 635 2275 698 nihil

186 742 216 781 5
241 724 701 809 loquebantur3
749 722 1062 809 agebatur
1097 723 1359 806 quidem
1396 727 1565 786 certe
1600 723 1783 786 nihjl.
1851 722 2109 787 Serrani
2144 722 2274 787 Do-
2310 738 2346 787 5

242 812 494 877 mestici
539 812 660 875 filii
706 811 898 875 funus
943 811 1426 895 perluctuosum
1476 811 1603 875 fuit
1648 834 1701 876 a.
1749 811 1806 875 d.
1852 829 1979 875 VHI
2024 811 2103 875 K.
2149 810 2274 874 De-

243 901 478 964 cembr.
568 900 886 963 Laudavit
929 903 1114 983 pater
1159 900 1398 983 scripto
1444 921 1605 964 meo,

373 987 568 1053 Nunc
614 988 690 1051 de
735 986 994 1051 Milone.
1068 986 1415 1071 Pompeius
1453 988 1512 1050 ei
1556 987 1724 1051 nihil
1767 988 2001 1051 tribuit
2039 990 2104 1049 et
2142 1008 2273 1049 om-
2312 1005 2348 1051 6

241 1076 352 1139 nia
391 1075 624 1141 Guttae
673 1075 954 1159 dicitque
1001 1096 1067 1138 se
1102 1077 1557 1160 perfecturum,
1604 1079 1677 1138 ut
1713 1076 1783 1138 in
1818 1076 2004 1139 illum
2044 1074 2275 1138 Caesar

159 1184 214 1222 ιο
244 1165 590 1228 incumbat.
681 1162 826 1227 Hoc
877 1164 1101 1227 horret
1155 1164 1345 1247 Milo,
1409 1184 1527 1227 nec
1579 1163 1843 1247 iniuria,
1908 1166 1998 1247 et,
2062 1163 2118 1225 si
2163 1163 2273 1226 ille

247 1252 523 1316 dictator
576 1252 782 1316 factus
837 1252 947 1336 sit,
1001 1272 1203 1336 paene
1257 1252 1513 1315 diffidit.
1603 1250 2099 1315 Intercessorem
2147 1249 2274 1314 dic-

243 1344 495 1404 taturae
541 1340 596 1403 si
650 1340 886 1403 iuverit
940 1361 1134 1403 manu
1190 1342 1254 1402 et
1312 1339 1632 1424 praesidio
1687 1361 1835 1424 suo,
1892 1338 2274 1422 Pompeium

243 1429 478 1493 metuit
539 1428 900 1513 inimicum3
965 1428 1022 1491 si
1073 1448 1207 1491 non
1260 1428 1523 1511 iuverit,
1582 1428 1796 1511 timet,
1854 1449 1935 1491 ne
1979 1449 2097 1511 per
2140 1426 2275 1490 vim

242 1518 620 1601 perferatur.
710 1515 928 1579 Ludos
974 1516 1239 1600 adparat
1283 1516 1954 1601 magnificentissimos
1962 1566 1981 1599 ‚
2028 1516 2136 1599 sic,
2181 1515 2275 1578 in-

165 1623 216 1662 15
245 1627 466 1689 quam,
520 1608 594 1667 ut
646 1625 836 1668 nemo
892 1604 1426 1689 sumptuosiores,
1486 1603 1681 1667 stulte
1726 1603 1829 1667 bis
1872 1607 2099 1687 terque
2143 1625 2276 1667 non

243 1694 604 1778 postulatos
612 1743 630 1775 ,
686 1692 789 1756 vel
843 1693 994 1775 quia
1047 1713 1282 1755 munus
1346 1692 1762 1777 magnificum
1818 1692 2109 1776 dederat,
2172 1692 2276 1755 vel

245 1782 396 1865 quia
433 1781 771 1844 facultates
807 1802 938 1843 non
968 1783 1166 1863 erant,
1215 1778 1350 1863 [vel
1387 1780 1538 1862 quia
1573 1780 1928 1865 magister,]
1975 1780 2079 1843 vel
2126 1780 2279 1863 quia

243 1872 544 1954 potuerat
599 1868 983 1954 magistrum
1039 1889 1132 1952 se,
1196 1889 1329 1930 non
1384 1866 1652 1931 aedilem
1709 1872 1952 1951 putare.
2045 1865 2283 1931 Omnia

245 1958 380 2022 fere
427 1956 671 2039 scripsi.
750 1954 936 2040 Cura,
980 1956 1073 2018 mi
1121 1956 1445 2019 carissime
1491 1956 1707 2040 frater,
1752 1960 1827 2020 ut
1871 1956 2097 2020 valeas.

163 2204 215 2243 20
1204 2183 1317 2247 IX.

745 2305 857 2360 Sor.
895 2305 1104 2360 Romae
1138 2323 1205 2359 m.
1244 2305 1377 2359 Dec.
1416 2323 1469 2360 a.
1509 2309 1621 2359 700
1660 2307 1797 2374 (54).

533 2427 868 2484 MARCUS
904 2427 1207 2498 QUINTO
1245 2428 1567 2483 FRATRI
1596 2427 1999 2483 SALUTEM.

382 2570 480 2635 De
532 2570 805 2636 Gabinio
861 2572 1028 2635 nihil
1081 2572 1206 2635 fuit
1261 2572 1627 2636 faciendum
1682 2571 1988 2653 istorum,
2035 2590 2197 2652 quae
2243 2591 2281 2632 a
2321 2586 2349 2633 1

249 2664 315 2723 te
355 2660 790 2723 amantissime
820 2660 1104 2745 cogitata
1131 2664 1297 2724 sunt.
1355 2660 1548 2741 ‘Tota
1584 2683 1696 2743 μοι
1735 2659 1926 2742 χάνοι
1948 2658 2085 2720 -Ἷ
2130 2656 2283 2720 Feci

167 2767 222 2805 25
251 2769 504 2812 summa
558 2769 703 2811 cum
758 2750 1101 2833 gravitate,
1156 2752 1231 2811 ut
1278 2770 1497 2812 omnes
1554 2748 1866 2830 sentiunt,
1922 2748 1987 2809 et
2032 2766 2283 2808 summa

252 2857 399 2899 cum
451 2835 746 2919 lenitate,
800 2857 962 2918 quae
1015 2835 1156 2900 feci.
1245 2834 1441 2899 Illum
1494 2856 1701 2919 neque
1756 2834 1891 2898 ursi
1944 2854 2152 2916 neque
2196 2833 2285 2896 le-

250 2924 431 3008 vavi,
491 2924 675 2987 testis
730 2922 1071 2987 vehemens
1126 2924 1252 3007 fui,
1312 2928 1642 3007 praeterea
1689 2922 1919 3007 quievi.
2011 2920 2282 2985 Exitum

253 3012 477 3076 iudicii
514 3012 776 3075 foedum
813 3014 877 3074 et
911 3011 1346 3095 perniciosum
1380 3011 1703 3075 levissime
1740 3011 1890 3096 tuli3
1936 3010 2111 3092 quod
2148 3010 2285 3092 qui-

254 3100 399 3164 dem
446 3100 689 3163 bonum
735 3098 897 3163 mihi
943 3121 1113 3163 nunc
1150 3100 1423 3183 denique
1460 3099 1790 3183 redundat,
1838 3102 1910 3162 ut
1952 3098 2057 3161 his
2096 3098 2286 3161 malis

171 3206 224 3245 30
253 3188 349 3251 rei
384 3188 680 3271 publicae
725 3187 1111 3270 licentiaque
1157 3188 1512 3272 audacium,
1558 3210 1685 3271 qua
1730 3191 1877 3251 ante
1922 3184 2284 3270 rumpebar,

250 3296 422 3338 nunc
467 3298 547 3339 ne
591 3296 854 3340 movear
890 3276 1164 3358 quidem.
1247 3275 1436 3340 Nihil
1482 3280 1578 3339 est
1615 3276 1787 3339 enim
1831 3274 2145 3358 perditius
2180 3273 2284 3337 his

249 3362 642 3448 hominibus,
677 3363 782 3426 his
809 3363 1226 3446 temporibus,
1300 3361 1545 3447 Itaque,
1582 3386 1662 3426 ex
1690 3385 1758 3426 re
1794 3362 2055 3447 publica
2084 3383 2283 3443 quon·
2321 3378 2354 3425 2

251 3450 380 3513 iam
435 3452 602 3515 nihil
655 3452 785 3515 iam
837 3451 1190 3535 voluptatis
1238 3452 1381 3533 capi
1432 3455 1672 3535 potest,
1738 3472 1851 3513 cur
1907 3448 2284 3532 stomacher,

251 3539 482 3603 nescio.
572 3539 856 3604 Litterae
901 3562 1006 3603 me
1053 3543 1117 3602 et
1169 3540 1381 3602 studia
1435 3543 1657 3602 nostra
1702 3542 1768 3602 et
1816 3538 2022 3601 otium
2068 3536 2286 3599 villae-
2375 3546 2389 3551 “
