<?xml version="1.0" encoding="UTF-8"?>
<!DOCTYPE html PUBLIC "-//W3C//DTD XHTML 1.0 Transitional//EN"
    "http://www.w3.org/TR/xhtml1/DTD/xhtml1-transitional.dtd">
<html xmlns="http://www.w3.org/1999/xhtml" xml:lang="en" lang="en">
 <head>
  <title>
</title>
<meta http-equiv="Content-Type" content="text/html;charset=utf-8" />
  <meta name='ocr-system' content='tesseract 3.04.00' />
  <meta name='ocr-capabilities' content='ocr_page ocr_carea ocr_par ocr_line ocrx_word'/>
</head>
<body>
  <div class='ocr_page' id='page_1' title='image "./scriptaquaemans02mlgoog_0206.png"; bbox 0 0 2567 3884; ppageno 0'>
   <div class='ocr_carea' id='block_1_1' title="bbox 235 797 2429 956">
    <p class='ocr_par' dir='ltr' id='par_1_1' title="bbox 235 797 2429 956">
     <span class='ocr_line' id='line_1_1' title="bbox 235 797 2429 956; baseline -0 -24"><span class='ocrx_word' id='word_1_1' title='bbox 235 797 450 933; x_wconf 63' lang='lat' dir='ltr'>1&#39;tuae</span> <span class='ocrx_word' id='word_1_2' title='bbox 486 869 589 933; x_wconf 85' lang='lat' dir='ltr'>vel</span> <span class='ocrx_word' id='word_1_3' title='bbox 632 869 906 933; x_wconf 87' lang='lat' dir='ltr'>tuendae</span> <span class='ocrx_word' id='word_1_4' title='bbox 941 869 1046 934; x_wconf 83' lang='lat' dir='ltr'>vel</span> <span class='ocrx_word' id='word_1_5' title='bbox 1081 869 1277 933; x_wconf 88' lang='lat' dir='ltr'>etiam</span> <span class='ocrx_word' id='word_1_6' title='bbox 1322 870 1667 956; x_wconf 81' lang='lat' dir='ltr'>augendae,</span> <span class='ocrx_word' id='word_1_7' title='bbox 1712 892 1844 934; x_wconf 92' lang='lat' dir='ltr'>non</span> <span class='ocrx_word' id='word_1_8' title='bbox 1880 870 2125 954; x_wconf 75' lang='lat' dir='ltr'>dubito,</span> <span class='ocrx_word' id='word_1_9' title='bbox 2172 870 2334 954; x_wconf 92' lang='lat' dir='ltr'>quin</span> <span class='ocrx_word' id='word_1_10' title='bbox 2395 891 2429 931; x_wconf 79' lang='lat'><strong>5</strong></span> 
     </span>
    </p>
   </div>
   <div class='ocr_carea' id='block_1_2' title="bbox 308 198 1578 260">
    <p class='ocr_par' dir='ltr' id='par_1_2' title="bbox 308 198 1578 260">
     <span class='ocr_line' id='line_1_2' title="bbox 308 198 1578 260; baseline 0.002 -9"><span class='ocrx_word' id='word_1_11' title='bbox 308 198 341 260; x_wconf 86' lang='lat'>1</span> <span class='ocrx_word' id='word_1_12' title='bbox 354 198 436 260; x_wconf 86' lang='lat'>14</span> <span class='ocrx_word' id='word_1_13' title='bbox 1062 199 1578 253; x_wconf 88' lang='lat' dir='ltr'><strong>EPISTULARUM</strong></span> 
     </span>
    </p>
   </div>
   <div class='ocr_carea' id='block_1_3' title="bbox 705 412 1937 603">
    <p class='ocr_par' dir='ltr' id='par_1_3' title="bbox 705 412 1937 603">
     <span class='ocr_line' id='line_1_3' title="bbox 1227 412 1406 479; baseline -0.011 0"><span class='ocrx_word' id='word_1_14' title='bbox 1227 412 1406 479; x_wconf 92' lang='lat' dir='ltr'><strong>VIII.</strong></span> 
     </span>
     <span class='ocr_line' id='line_1_4' title="bbox 705 532 1937 603; baseline 0.001 -15"><span class='ocrx_word' id='word_1_15' title='bbox 705 532 818 588; x_wconf 77' lang='lat' dir='ltr'>Ser.</span> <span class='ocrx_word' id='word_1_16' title='bbox 859 533 1066 587; x_wconf 82' lang='lat' dir='ltr'>Romae</span> <span class='ocrx_word' id='word_1_17' title='bbox 1111 550 1193 587; x_wconf 76' lang='lat' dir='ltr'>ex.</span> <span class='ocrx_word' id='word_1_18' title='bbox 1245 550 1315 588; x_wconf 84' lang='lat' dir='ltr'>m.</span> <span class='ocrx_word' id='word_1_19' title='bbox 1356 534 1499 589; x_wconf 74' lang='lat' dir='ltr'>Sext.</span> <span class='ocrx_word' id='word_1_20' title='bbox 1548 552 1601 589; x_wconf 87' lang='grc' dir='ltr'>α.</span> <span class='ocrx_word' id='word_1_21' title='bbox 1650 538 1763 590; x_wconf 81' lang='lat'>700</span> <span class='ocrx_word' id='word_1_22' title='bbox 1802 539 1937 603; x_wconf 75' lang='lat'><em>(54).</em></span> 
     </span>
    </p>
   </div>
   <div class='ocr_carea' id='block_1_4' title="bbox 661 654 1982 712">
    <p class='ocr_par' dir='ltr' id='par_1_4' title="bbox 661 654 1982 712">
     <span class='ocr_line' id='line_1_5' title="bbox 661 654 1982 712; baseline 0.003 -4"><span class='ocrx_word' id='word_1_23' title='bbox 661 654 736 710; x_wconf 83' lang='lat' dir='ltr'>M.</span> <span class='ocrx_word' id='word_1_24' title='bbox 779 654 1035 710; x_wconf 85' lang='lat' dir='ltr'><strong>CICERO</strong></span> <span class='ocrx_word' id='word_1_25' title='bbox 1073 656 1147 710; x_wconf 87' lang='lat' dir='ltr'>M.</span> <span class='ocrx_word' id='word_1_26' title='bbox 1185 655 1455 710; x_wconf 82' lang='lat' dir='ltr'><strong>LICINIO</strong></span> <span class='ocrx_word' id='word_1_27' title='bbox 1493 656 1555 710; x_wconf 89' lang='lat' dir='ltr'>P.</span> <span class='ocrx_word' id='word_1_28' title='bbox 1593 655 1652 711; x_wconf 78' lang='lat' dir='ltr'>F.</span> <span class='ocrx_word' id='word_1_29' title='bbox 1695 655 1982 712; x_wconf 86' lang='lat' dir='ltr'><strong>CRASSO.</strong></span> 
     </span>
    </p>
   </div>
   <div class='ocr_carea' id='block_1_5' title="bbox 437 779 2335 868">
    <p class='ocr_par' dir='ltr' id='par_1_5' title="bbox 437 779 2335 868">
     <span class='ocr_line' id='line_1_6' title="bbox 437 779 2335 868; baseline 0.001 -24"><span class='ocrx_word' id='word_1_30' title='bbox 437 779 762 857; x_wconf 87' lang='lat' dir='ltr'>Quantum</span> <span class='ocrx_word' id='word_1_31' title='bbox 815 781 862 865; x_wconf 91' lang='lat'>†</span> <span class='ocrx_word' id='word_1_32' title='bbox 881 782 961 844; x_wconf 90' lang='lat' dir='ltr'>ad</span> <span class='ocrx_word' id='word_1_33' title='bbox 1005 803 1220 845; x_wconf 91' lang='lat' dir='ltr'>meum</span> <span class='ocrx_word' id='word_1_34' title='bbox 1280 781 1565 846; x_wconf 90' lang='lat' dir='ltr'>studium</span> <span class='ocrx_word' id='word_1_35' title='bbox 1620 782 1941 846; x_wconf 84' lang='lat' dir='ltr'>exstiterit</span> <span class='ocrx_word' id='word_1_36' title='bbox 1996 781 2335 868; x_wconf 74' lang='lat' dir='ltr'>dignitatis</span> 
     </span>
    </p>
   </div>
   <div class='ocr_carea' id='block_1_6' title="bbox 297 956 2422 3594">
    <p class='ocr_par' dir='ltr' id='par_1_6' title="bbox 298 956 2422 3047">
     <span class='ocr_line' id='line_1_7' title="bbox 302 956 2333 1044; baseline 0 -24"><span class='ocrx_word' id='word_1_37' title='bbox 302 957 384 1020; x_wconf 89' lang='lat' dir='ltr'>ad</span> <span class='ocrx_word' id='word_1_38' title='bbox 435 960 500 1020; x_wconf 89' lang='lat' dir='ltr'>te</span> <span class='ocrx_word' id='word_1_39' title='bbox 557 978 778 1022; x_wconf 92' lang='lat' dir='ltr'>omnes</span> <span class='ocrx_word' id='word_1_40' title='bbox 831 956 930 1020; x_wconf 91' lang='lat' dir='ltr'>tui</span> <span class='ocrx_word' id='word_1_41' title='bbox 985 957 1383 1044; x_wconf 84' lang='lat' dir='ltr'>scripserint3</span> <span class='ocrx_word' id='word_1_42' title='bbox 1442 980 1574 1021; x_wconf 91' lang='lat' dir='ltr'>non</span> <span class='ocrx_word' id='word_1_43' title='bbox 1628 958 1800 1022; x_wconf 90' lang='lat' dir='ltr'>enim</span> <span class='ocrx_word' id='word_1_44' title='bbox 1858 958 1984 1022; x_wconf 86' lang='lat' dir='ltr'>fuit</span> <span class='ocrx_word' id='word_1_45' title='bbox 2038 961 2149 1021; x_wconf 89' lang='lat' dir='ltr'>aut</span> <span class='ocrx_word' id='word_1_46' title='bbox 2200 980 2333 1021; x_wconf 90' lang='lat' dir='ltr'>me-</span> 
     </span>
     <span class='ocr_line' id='line_1_8' title="bbox 303 1044 2334 1130; baseline 0.001 -22"><span class='ocrx_word' id='word_1_47' title='bbox 303 1044 517 1109; x_wconf 89' lang='lat' dir='ltr'>diocre</span> <span class='ocrx_word' id='word_1_48' title='bbox 563 1048 674 1107; x_wconf 90' lang='lat' dir='ltr'>aut</span> <span class='ocrx_word' id='word_1_49' title='bbox 720 1044 1063 1108; x_wconf 88' lang='lat' dir='ltr'>obscurum</span> <span class='ocrx_word' id='word_1_50' title='bbox 1109 1049 1220 1108; x_wconf 91' lang='lat' dir='ltr'>aut</span> <span class='ocrx_word' id='word_1_51' title='bbox 1266 1046 1403 1109; x_wconf 89' lang='lat' dir='ltr'>eius</span> <span class='ocrx_word' id='word_1_52' title='bbox 1442 1046 1637 1130; x_wconf 86' lang='lat' dir='ltr'>modi,</span> <span class='ocrx_word' id='word_1_53' title='bbox 1686 1046 1859 1129; x_wconf 89' lang='lat' dir='ltr'>quod</span> <span class='ocrx_word' id='word_1_54' title='bbox 1894 1047 2151 1110; x_wconf 90' lang='lat' dir='ltr'>silentio</span> <span class='ocrx_word' id='word_1_55' title='bbox 2186 1068 2334 1129; x_wconf 90' lang='lat' dir='ltr'>pos-</span> 
     </span>
     <span class='ocr_line' id='line_1_9' title="bbox 303 1132 2333 1217; baseline 0.001 -22"><span class='ocrx_word' id='word_1_56' title='bbox 303 1138 401 1197; x_wconf 90' lang='lat' dir='ltr'>set</span> <span class='ocrx_word' id='word_1_57' title='bbox 444 1132 797 1217; x_wconf 89' lang='lat' dir='ltr'>praeteriri.</span> <span class='ocrx_word' id='word_1_58' title='bbox 887 1132 1058 1196; x_wconf 88' lang='lat' dir='ltr'>Nam</span> <span class='ocrx_word' id='word_1_59' title='bbox 1103 1137 1169 1196; x_wconf 91' lang='lat' dir='ltr'>et</span> <span class='ocrx_word' id='word_1_60' title='bbox 1215 1154 1363 1197; x_wconf 92' lang='lat' dir='ltr'>cum</span> <span class='ocrx_word' id='word_1_61' title='bbox 1408 1134 1779 1198; x_wconf 89' lang='lat' dir='ltr'>consulibus</span> <span class='ocrx_word' id='word_1_62' title='bbox 1815 1138 1880 1197; x_wconf 93' lang='lat' dir='ltr'>et</span> <span class='ocrx_word' id='word_1_63' title='bbox 1916 1156 2062 1198; x_wconf 94' lang='lat' dir='ltr'>cum</span> <span class='ocrx_word' id='word_1_64' title='bbox 2106 1133 2333 1198; x_wconf 87' lang='lat' dir='ltr'>multis</span> 
     </span>
     <span class='ocr_line' id='line_1_10' title="bbox 303 1220 2333 1306; baseline 0 -21"><span class='ocrx_word' id='word_1_65' title='bbox 303 1220 746 1285; x_wconf 89' lang='lat' dir='ltr'>consularibus</span> <span class='ocrx_word' id='word_1_66' title='bbox 798 1223 980 1284; x_wconf 90' lang='lat' dir='ltr'>tanta</span> <span class='ocrx_word' id='word_1_67' title='bbox 1032 1222 1442 1285; x_wconf 89' lang='lat' dir='ltr'>contentione</span> <span class='ocrx_word' id='word_1_68' title='bbox 1488 1221 1808 1286; x_wconf 75' lang='lat' dir='ltr'>decertavi</span> <span class='ocrx_word' id='word_1_69' title='bbox 1866 1226 2105 1306; x_wconf 87' lang='lat' dir='ltr'>quanta</span> <span class='ocrx_word' id='word_1_70' title='bbox 2146 1244 2333 1286; x_wconf 87' lang='lat' dir='ltr'>num-</span> 
     </span>
     <span class='ocr_line' id='line_1_11' title="bbox 303 1308 2422 1396; baseline -0.001 -24"><span class='ocrx_word' id='word_1_71' title='bbox 303 1330 496 1393; x_wconf 86' lang='lat' dir='ltr'>quam</span> <span class='ocrx_word' id='word_1_72' title='bbox 541 1311 728 1371; x_wconf 84' lang='lat' dir='ltr'>antea</span> <span class='ocrx_word' id='word_1_73' title='bbox 771 1308 905 1371; x_wconf 94' lang='lat' dir='ltr'>ulla</span> <span class='ocrx_word' id='word_1_74' title='bbox 947 1309 1018 1372; x_wconf 90' lang='lat' dir='ltr'>in</span> <span class='ocrx_word' id='word_1_75' title='bbox 1063 1330 1253 1372; x_wconf 88' lang='lat' dir='ltr'>causa</span> <span class='ocrx_word' id='word_1_76' title='bbox 1310 1310 1686 1393; x_wconf 76' lang='lat' dir='ltr'>suscepique</span> <span class='ocrx_word' id='word_1_77' title='bbox 1736 1310 1900 1374; x_wconf 89' lang='lat' dir='ltr'>mihi</span> <span class='ocrx_word' id='word_1_78' title='bbox 1951 1314 2331 1396; x_wconf 88' lang='lat' dir='ltr'>perpetuam</span> <span class='ocrx_word' id='word_1_79' title='bbox 2360 1331 2422 1369; x_wconf 78' lang='grc' dir='ltr'>ιο</span> 
     </span>
     <span class='ocr_line' id='line_1_12' title="bbox 300 1396 2333 1483; baseline 0.002 -24"><span class='ocrx_word' id='word_1_80' title='bbox 300 1396 884 1482; x_wconf 75' lang='lat' dir='ltr'>propugnationem</span> <span class='ocrx_word' id='word_1_81' title='bbox 918 1418 1038 1480; x_wconf 89' lang='lat' dir='ltr'>pro</span> <span class='ocrx_word' id='word_1_82' title='bbox 1076 1397 1377 1462; x_wconf 90' lang='lat' dir='ltr'>omnibus</span> <span class='ocrx_word' id='word_1_83' title='bbox 1406 1398 1798 1461; x_wconf 88' lang='lat' dir='ltr'>ornamentis</span> <span class='ocrx_word' id='word_1_84' title='bbox 1833 1398 1964 1461; x_wconf 92' lang='lat' dir='ltr'>tuis</span> <span class='ocrx_word' id='word_1_85' title='bbox 1999 1399 2333 1483; x_wconf 83' lang='lat' dir='ltr'>veterique</span> 
     </span>
     <span class='ocr_line' id='line_1_13' title="bbox 301 1484 2332 1571; baseline 0.001 -24"><span class='ocrx_word' id='word_1_86' title='bbox 301 1488 558 1548; x_wconf 89' lang='lat' dir='ltr'>nostrae</span> <span class='ocrx_word' id='word_1_87' title='bbox 602 1484 1057 1548; x_wconf 82' lang='lat' dir='ltr'>necessitudini</span> <span class='ocrx_word' id='word_1_88' title='bbox 1112 1486 1243 1549; x_wconf 88' lang='lat' dir='ltr'>iam</span> <span class='ocrx_word' id='word_1_89' title='bbox 1289 1485 1400 1549; x_wconf 89' lang='lat' dir='ltr'>diu</span> <span class='ocrx_word' id='word_1_90' title='bbox 1447 1486 1761 1571; x_wconf 91' lang='lat' dir='ltr'>debitum,</span> <span class='ocrx_word' id='word_1_91' title='bbox 1820 1487 1931 1550; x_wconf 90' lang='lat' dir='ltr'>sed</span> <span class='ocrx_word' id='word_1_92' title='bbox 1974 1488 2181 1550; x_wconf 86' lang='lat' dir='ltr'>multa</span> <span class='ocrx_word' id='word_1_93' title='bbox 2224 1509 2332 1550; x_wconf 85' lang='lat' dir='ltr'>va-</span> 
     </span>
     <span class='ocr_line' id='line_1_14' title="bbox 301 1572 2332 1657; baseline 0.001 -22"><span class='ocrx_word' id='word_1_94' title='bbox 301 1572 530 1637; x_wconf 85' lang='lat' dir='ltr'>rietate</span> <span class='ocrx_word' id='word_1_95' title='bbox 583 1575 946 1656; x_wconf 91' lang='lat' dir='ltr'>temporum</span> <span class='ocrx_word' id='word_1_96' title='bbox 1005 1573 1439 1657; x_wconf 88' lang='lat' dir='ltr'>interruptum</span> <span class='ocrx_word' id='word_1_97' title='bbox 1494 1574 1780 1638; x_wconf 87' lang='lat' dir='ltr'>officium</span> <span class='ocrx_word' id='word_1_98' title='bbox 1826 1576 2145 1638; x_wconf 88' lang='lat' dir='ltr'>cumulate</span> <span class='ocrx_word' id='word_1_99' title='bbox 2190 1574 2332 1639; x_wconf 89' lang='lat' dir='ltr'>red-</span> 
     </span>
     <span class='ocr_line' id='line_1_15' title="bbox 305 1659 2330 1745; baseline 0.001 -22"><span class='ocrx_word' id='word_1_100' title='bbox 305 1660 456 1724; x_wconf 91' lang='lat' dir='ltr'>didi.</span> <span class='ocrx_word' id='word_1_101' title='bbox 545 1659 772 1743; x_wconf 87' lang='lat' dir='ltr'>Neque</span> <span class='ocrx_word' id='word_1_102' title='bbox 808 1660 1171 1725; x_wconf 80' lang='lat' dir='ltr'>mehercule</span> <span class='ocrx_word' id='word_1_103' title='bbox 1216 1683 1524 1745; x_wconf 88' lang='lat' dir='ltr'>umquam</span> <span class='ocrx_word' id='word_1_104' title='bbox 1568 1662 1731 1726; x_wconf 89' lang='lat' dir='ltr'>mihi</span> <span class='ocrx_word' id='word_1_105' title='bbox 1776 1663 1874 1725; x_wconf 94' lang='lat' dir='ltr'>tui</span> <span class='ocrx_word' id='word_1_106' title='bbox 1921 1665 2032 1725; x_wconf 90' lang='lat' dir='ltr'>aut</span> <span class='ocrx_word' id='word_1_107' title='bbox 2077 1662 2330 1727; x_wconf 88' lang='lat' dir='ltr'>colendi</span> 
     </span>
     <span class='ocr_line' id='line_1_16' title="bbox 302 1748 2417 1835; baseline -0.001 -23"><span class='ocrx_word' id='word_1_108' title='bbox 302 1752 414 1812; x_wconf 87' lang='lat' dir='ltr'>aut</span> <span class='ocrx_word' id='word_1_109' title='bbox 467 1748 737 1811; x_wconf 89' lang='lat' dir='ltr'>ornandi</span> <span class='ocrx_word' id='word_1_110' title='bbox 782 1749 1080 1813; x_wconf 86' lang='lat' dir='ltr'>voluntas</span> <span class='ocrx_word' id='word_1_111' title='bbox 1135 1749 1365 1835; x_wconf 82' lang='lat' dir='ltr'>defuit3</span> <span class='ocrx_word' id='word_1_112' title='bbox 1422 1750 1532 1813; x_wconf 88' lang='lat' dir='ltr'>sed</span> <span class='ocrx_word' id='word_1_113' title='bbox 1587 1750 1897 1833; x_wconf 89' lang='lat' dir='ltr'>quaedam</span> <span class='ocrx_word' id='word_1_114' title='bbox 1949 1754 2162 1834; x_wconf 86' lang='lat' dir='ltr'>pestes</span> <span class='ocrx_word' id='word_1_115' title='bbox 2214 1750 2330 1815; x_wconf 84' lang='lat' dir='ltr'>ho-</span> <span class='ocrx_word' id='word_1_116' title='bbox 2358 1770 2417 1822; x_wconf 65' lang='grc' dir='ltr'>ις»</span> 
     </span>
     <span class='ocr_line' id='line_1_17' title="bbox 301 1836 2331 1922; baseline 0.001 -22"><span class='ocrx_word' id='word_1_117' title='bbox 301 1836 550 1900; x_wconf 90' lang='lat' dir='ltr'>minum</span> <span class='ocrx_word' id='word_1_118' title='bbox 594 1836 782 1900; x_wconf 89' lang='lat' dir='ltr'>laude</span> <span class='ocrx_word' id='word_1_119' title='bbox 827 1837 1034 1901; x_wconf 90' lang='lat' dir='ltr'>aliena</span> <span class='ocrx_word' id='word_1_120' title='bbox 1079 1837 1435 1901; x_wconf 89' lang='lat' dir='ltr'>dolentium</span> <span class='ocrx_word' id='word_1_121' title='bbox 1482 1841 1548 1901; x_wconf 89' lang='lat' dir='ltr'>et</span> <span class='ocrx_word' id='word_1_122' title='bbox 1592 1842 1656 1901; x_wconf 93' lang='lat' dir='ltr'>te</span> <span class='ocrx_word' id='word_1_123' title='bbox 1713 1860 1845 1902; x_wconf 90' lang='lat' dir='ltr'>non</span> <span class='ocrx_word' id='word_1_124' title='bbox 1892 1860 2244 1922; x_wconf 89' lang='lat' dir='ltr'>numquam</span> <span class='ocrx_word' id='word_1_125' title='bbox 2290 1862 2331 1903; x_wconf 88' lang='lat' dir='ltr'>a</span> 
     </span>
     <span class='ocr_line' id='line_1_18' title="bbox 300 1924 2330 2008; baseline 0 -19"><span class='ocrx_word' id='word_1_126' title='bbox 300 1946 404 1989; x_wconf 90' lang='lat' dir='ltr'>me</span> <span class='ocrx_word' id='word_1_127' title='bbox 450 1924 810 1988; x_wconf 87' lang='lat' dir='ltr'>alienarunt</span> <span class='ocrx_word' id='word_1_128' title='bbox 863 1928 927 1988; x_wconf 93' lang='lat' dir='ltr'>et</span> <span class='ocrx_word' id='word_1_129' title='bbox 983 1946 1088 1988; x_wconf 93' lang='lat' dir='ltr'>me</span> <span class='ocrx_word' id='word_1_130' title='bbox 1133 1925 1476 2008; x_wconf 86' lang='lat' dir='ltr'>aliquando</span> <span class='ocrx_word' id='word_1_131' title='bbox 1523 1925 1925 1990; x_wconf 90' lang='lat' dir='ltr'>inmutarunt</span> <span class='ocrx_word' id='word_1_132' title='bbox 1968 1926 2109 1990; x_wconf 87' lang='lat' dir='ltr'>tibi.</span> <span class='ocrx_word' id='word_1_133' title='bbox 2201 1925 2330 1990; x_wconf 88' lang='lat' dir='ltr'>Sed</span> 
     </span>
     <span class='ocr_line' id='line_1_19' title="bbox 303 2012 2329 2099; baseline 0.001 -22"><span class='ocrx_word' id='word_1_134' title='bbox 303 2012 520 2077; x_wconf 84' lang='lat' dir='ltr'>extitit</span> <span class='ocrx_word' id='word_1_135' title='bbox 562 2017 818 2097; x_wconf 88' lang='lat' dir='ltr'>tempus</span> <span class='ocrx_word' id='word_1_136' title='bbox 863 2016 1158 2096; x_wconf 89' lang='lat' dir='ltr'>optatum</span> <span class='ocrx_word' id='word_1_137' title='bbox 1192 2013 1356 2076; x_wconf 85' lang='lat' dir='ltr'>mihi</span> <span class='ocrx_word' id='word_1_138' title='bbox 1391 2014 1599 2099; x_wconf 90' lang='lat' dir='ltr'>magis</span> <span class='ocrx_word' id='word_1_139' title='bbox 1637 2035 1830 2097; x_wconf 90' lang='lat' dir='ltr'>quam</span> <span class='ocrx_word' id='word_1_140' title='bbox 1866 2018 2207 2099; x_wconf 89' lang='lat' dir='ltr'>speratum,</span> <span class='ocrx_word' id='word_1_141' title='bbox 2254 2019 2329 2078; x_wconf 86' lang='lat' dir='ltr'>ut</span> 
     </span>
     <span class='ocr_line' id='line_1_20' title="bbox 301 2101 2329 2187; baseline 0.001 -23"><span class='ocrx_word' id='word_1_142' title='bbox 301 2101 791 2165; x_wconf 88' lang='lat' dir='ltr'>florentissumis</span> <span class='ocrx_word' id='word_1_143' title='bbox 844 2101 975 2164; x_wconf 88' lang='lat' dir='ltr'>tuis</span> <span class='ocrx_word' id='word_1_144' title='bbox 1032 2101 1224 2164; x_wconf 89' lang='lat' dir='ltr'>rebus</span> <span class='ocrx_word' id='word_1_145' title='bbox 1277 2123 1421 2165; x_wconf 89' lang='lat' dir='ltr'>mea</span> <span class='ocrx_word' id='word_1_146' title='bbox 1475 2102 1753 2185; x_wconf 88' lang='lat' dir='ltr'>perspici</span> <span class='ocrx_word' id='word_1_147' title='bbox 1809 2105 2027 2187; x_wconf 91' lang='lat' dir='ltr'>posset</span> <span class='ocrx_word' id='word_1_148' title='bbox 2080 2106 2145 2167; x_wconf 90' lang='lat' dir='ltr'>et</span> <span class='ocrx_word' id='word_1_149' title='bbox 2196 2124 2329 2167; x_wconf 89' lang='lat' dir='ltr'>me-</span> 
     </span>
     <span class='ocr_line' id='line_1_21' title="bbox 301 2188 2414 2276; baseline -0.001 -23"><span class='ocrx_word' id='word_1_150' title='bbox 301 2189 510 2253; x_wconf 84' lang='lat' dir='ltr'>moria</span> <span class='ocrx_word' id='word_1_151' title='bbox 552 2193 808 2253; x_wconf 89' lang='lat' dir='ltr'>nostrae</span> <span class='ocrx_word' id='word_1_152' title='bbox 853 2188 1205 2252; x_wconf 89' lang='lat' dir='ltr'>voluntatis</span> <span class='ocrx_word' id='word_1_153' title='bbox 1250 2193 1316 2253; x_wconf 91' lang='lat' dir='ltr'>et</span> <span class='ocrx_word' id='word_1_154' title='bbox 1361 2190 1679 2253; x_wconf 85' lang='lat' dir='ltr'>amicitiae</span> <span class='ocrx_word' id='word_1_155' title='bbox 1724 2190 1909 2276; x_wconf 79' lang='lat' dir='ltr'>fides3</span> <span class='ocrx_word' id='word_1_156' title='bbox 1964 2212 2106 2254; x_wconf 88' lang='lat' dir='ltr'>sum</span> <span class='ocrx_word' id='word_1_157' title='bbox 2152 2190 2328 2255; x_wconf 89' lang='lat' dir='ltr'>enim</span> <span class='ocrx_word' id='word_1_158' title='bbox 2356 2212 2414 2251; x_wconf 82' lang='lat'>20</span> 
     </span>
     <span class='ocr_line' id='line_1_22' title="bbox 305 2277 2330 2363; baseline 0.001 -24"><span class='ocrx_word' id='word_1_159' title='bbox 305 2281 696 2361; x_wconf 87' lang='lat' dir='ltr'>consecutus,</span> <span class='ocrx_word' id='word_1_160' title='bbox 732 2298 864 2340; x_wconf 87' lang='lat' dir='ltr'>non</span> <span class='ocrx_word' id='word_1_161' title='bbox 900 2277 1093 2341; x_wconf 92' lang='lat' dir='ltr'>modo</span> <span class='ocrx_word' id='word_1_162' title='bbox 1131 2281 1204 2340; x_wconf 91' lang='lat' dir='ltr'>ut</span> <span class='ocrx_word' id='word_1_163' title='bbox 1241 2277 1470 2341; x_wconf 92' lang='lat' dir='ltr'>domus</span> <span class='ocrx_word' id='word_1_164' title='bbox 1505 2282 1617 2341; x_wconf 89' lang='lat' dir='ltr'>tua</span> <span class='ocrx_word' id='word_1_165' title='bbox 1651 2281 1807 2363; x_wconf 90' lang='lat' dir='ltr'>tota,</span> <span class='ocrx_word' id='word_1_166' title='bbox 1844 2278 1955 2342; x_wconf 89' lang='lat' dir='ltr'>sed</span> <span class='ocrx_word' id='word_1_167' title='bbox 1990 2282 2063 2342; x_wconf 92' lang='lat' dir='ltr'>ut</span> <span class='ocrx_word' id='word_1_168' title='bbox 2100 2282 2330 2343; x_wconf 86' lang='lat' dir='ltr'>cuncta</span> 
     </span>
     <span class='ocr_line' id='line_1_23' title="bbox 304 2364 2330 2452; baseline 0.001 -24"><span class='ocrx_word' id='word_1_169' title='bbox 304 2365 529 2428; x_wconf 85' lang='lat' dir='ltr'>civitas</span> <span class='ocrx_word' id='word_1_170' title='bbox 581 2387 686 2428; x_wconf 90' lang='lat' dir='ltr'>me</span> <span class='ocrx_word' id='word_1_171' title='bbox 730 2364 853 2427; x_wconf 92' lang='lat' dir='ltr'>tibi</span> <span class='ocrx_word' id='word_1_172' title='bbox 899 2364 1357 2430; x_wconf 88' lang='lat' dir='ltr'>amicissimum</span> <span class='ocrx_word' id='word_1_173' title='bbox 1402 2387 1537 2429; x_wconf 88' lang='lat' dir='ltr'>esse</span> <span class='ocrx_word' id='word_1_174' title='bbox 1584 2371 2011 2452; x_wconf 90' lang='lat' dir='ltr'>cognosceret.</span> <span class='ocrx_word' id='word_1_175' title='bbox 2099 2364 2330 2451; x_wconf 88' lang='lat' dir='ltr'>Itaque</span> 
     </span>
     <span class='ocr_line' id='line_1_24' title="bbox 301 2452 2331 2539; baseline 0.001 -22"><span class='ocrx_word' id='word_1_176' title='bbox 301 2456 368 2517; x_wconf 89' lang='lat' dir='ltr'>et</span> <span class='ocrx_word' id='word_1_177' title='bbox 421 2452 970 2535; x_wconf 88' lang='lat' dir='ltr'>praestantissima</span> <span class='ocrx_word' id='word_1_178' title='bbox 1026 2453 1314 2518; x_wconf 87' lang='lat' dir='ltr'>omnium</span> <span class='ocrx_word' id='word_1_179' title='bbox 1372 2454 1783 2539; x_wconf 87' lang='lat' dir='ltr'>feminarum,</span> <span class='ocrx_word' id='word_1_180' title='bbox 1847 2476 2013 2519; x_wconf 86' lang='lat' dir='ltr'>uxor</span> <span class='ocrx_word' id='word_1_181' title='bbox 2063 2458 2201 2539; x_wconf 89' lang='lat' dir='ltr'>tua,</span> <span class='ocrx_word' id='word_1_182' title='bbox 2262 2459 2331 2519; x_wconf 87' lang='lat' dir='ltr'>et</span> 
     </span>
     <span class='ocr_line' id='line_1_25' title="bbox 302 2540 2329 2628; baseline 0.001 -23"><span class='ocrx_word' id='word_1_183' title='bbox 302 2540 538 2605; x_wconf 85' lang='lat' dir='ltr'>eximia</span> <span class='ocrx_word' id='word_1_184' title='bbox 580 2540 837 2624; x_wconf 87' lang='lat' dir='ltr'>pietate,</span> <span class='ocrx_word' id='word_1_185' title='bbox 882 2540 1140 2626; x_wconf 83' lang='lat' dir='ltr'>virtute,</span> <span class='ocrx_word' id='word_1_186' title='bbox 1185 2541 1397 2627; x_wconf 87' lang='lat' dir='ltr'>gratia</span> <span class='ocrx_word' id='word_1_187' title='bbox 1442 2541 1540 2604; x_wconf 90' lang='lat' dir='ltr'>tui</span> <span class='ocrx_word' id='word_1_188' title='bbox 1578 2540 1790 2605; x_wconf 89' lang='lat' dir='ltr'>Crassi</span> <span class='ocrx_word' id='word_1_189' title='bbox 1826 2543 1987 2606; x_wconf 87' lang='lat' dir='ltr'>meis</span> <span class='ocrx_word' id='word_1_190' title='bbox 2024 2543 2329 2628; x_wconf 75' lang='lat' dir='ltr'>consiliiS,</span> 
     </span>
     <span class='ocr_line' id='line_1_26' title="bbox 299 2628 2411 2715; baseline -0.002 -22"><span class='ocrx_word' id='word_1_191' title='bbox 299 2629 566 2694; x_wconf 89' lang='lat' dir='ltr'>monitis</span> <span class='ocrx_word' id='word_1_192' title='bbox 574 2680 592 2713; x_wconf 94' lang='lat'>,</span> <span class='ocrx_word' id='word_1_193' title='bbox 638 2629 867 2692; x_wconf 89' lang='lat' dir='ltr'>studiis</span> <span class='ocrx_word' id='word_1_194' title='bbox 914 2628 1401 2713; x_wconf 88' lang='lat' dir='ltr'>actionibusque</span> <span class='ocrx_word' id='word_1_195' title='bbox 1444 2629 1760 2715; x_wconf 91' lang='lat' dir='ltr'>nituntur,</span> <span class='ocrx_word' id='word_1_196' title='bbox 1805 2634 1870 2693; x_wconf 90' lang='lat' dir='ltr'>et</span> <span class='ocrx_word' id='word_1_197' title='bbox 1914 2635 2169 2695; x_wconf 87' lang='lat' dir='ltr'>senatus</span> <span class='ocrx_word' id='word_1_198' title='bbox 2213 2653 2328 2715; x_wconf 87' lang='lat' dir='ltr'>po·</span> <span class='ocrx_word' id='word_1_199' title='bbox 2356 2650 2411 2689; x_wconf 80' lang='lat'>25</span> 
     </span>
     <span class='ocr_line' id='line_1_27' title="bbox 299 2714 2326 2803; baseline 0.001 -22"><span class='ocrx_word' id='word_1_200' title='bbox 299 2718 617 2802; x_wconf 89' lang='lat' dir='ltr'>pulusque</span> <span class='ocrx_word' id='word_1_201' title='bbox 697 2716 773 2780; x_wconf 83' lang='lat' dir='ltr'>R.</span> <span class='ocrx_word' id='word_1_202' title='bbox 837 2716 1158 2803; x_wconf 89' lang='lat' dir='ltr'>intellegit</span> <span class='ocrx_word' id='word_1_203' title='bbox 1229 2714 1353 2781; x_wconf 89' lang='lat' dir='ltr'>tibi</span> <span class='ocrx_word' id='word_1_204' title='bbox 1426 2717 1677 2781; x_wconf 89' lang='lat' dir='ltr'>absenti</span> <span class='ocrx_word' id='word_1_205' title='bbox 1747 2718 1914 2781; x_wconf 88' lang='lat' dir='ltr'>nihil</span> <span class='ocrx_word' id='word_1_206' title='bbox 1984 2740 2119 2783; x_wconf 89' lang='lat' dir='ltr'>esse</span> <span class='ocrx_word' id='word_1_207' title='bbox 2190 2723 2326 2783; x_wconf 88' lang='lat' dir='ltr'>tam</span> 
     </span>
     <span class='ocr_line' id='line_1_28' title="bbox 298 2806 2327 2893; baseline 0.001 -24"><span class='ocrx_word' id='word_1_208' title='bbox 298 2809 674 2891; x_wconf 90' lang='lat' dir='ltr'>promptum</span> <span class='ocrx_word' id='word_1_209' title='bbox 729 2808 840 2868; x_wconf 89' lang='lat' dir='ltr'>aut</span> <span class='ocrx_word' id='word_1_210' title='bbox 891 2809 1025 2868; x_wconf 91' lang='lat' dir='ltr'>tam</span> <span class='ocrx_word' id='word_1_211' title='bbox 1069 2809 1366 2890; x_wconf 88' lang='lat' dir='ltr'>paratum</span> <span class='ocrx_word' id='word_1_212' title='bbox 1412 2827 1604 2888; x_wconf 91' lang='lat' dir='ltr'>quam</span> <span class='ocrx_word' id='word_1_213' title='bbox 1659 2806 1727 2869; x_wconf 92' lang='lat' dir='ltr'>in</span> <span class='ocrx_word' id='word_1_214' title='bbox 1773 2807 2071 2870; x_wconf 90' lang='lat' dir='ltr'>omnibus</span> <span class='ocrx_word' id='word_1_215' title='bbox 2115 2806 2327 2893; x_wconf 90' lang='lat' dir='ltr'>rebus,</span> 
     </span>
     <span class='ocr_line' id='line_1_29' title="bbox 304 2894 2328 2981; baseline 0 -23"><span class='ocrx_word' id='word_1_216' title='bbox 304 2916 464 2978; x_wconf 85' lang='lat' dir='ltr'>quae</span> <span class='ocrx_word' id='word_1_217' title='bbox 519 2894 600 2957; x_wconf 89' lang='lat' dir='ltr'>ad</span> <span class='ocrx_word' id='word_1_218' title='bbox 656 2896 721 2957; x_wconf 92' lang='lat' dir='ltr'>te</span> <span class='ocrx_word' id='word_1_219' title='bbox 778 2894 1172 2978; x_wconf 88' lang='lat' dir='ltr'>pertineant,</span> <span class='ocrx_word' id='word_1_220' title='bbox 1238 2915 1529 2978; x_wconf 87' lang='lat' dir='ltr'>operam,</span> <span class='ocrx_word' id='word_1_221' title='bbox 1594 2915 1841 2978; x_wconf 86' lang='lat' dir='ltr'>curam,</span> <span class='ocrx_word' id='word_1_222' title='bbox 1908 2895 2328 2981; x_wconf 86' lang='lat' dir='ltr'>diligentiam,</span> 
     </span>
     <span class='ocr_line' id='line_1_30' title="bbox 302 2983 1018 3047; baseline -0.001 -2"><span class='ocrx_word' id='word_1_223' title='bbox 302 2983 749 3047; x_wconf 90' lang='lat' dir='ltr'>auctoritatem</span> <span class='ocrx_word' id='word_1_224' title='bbox 794 3003 1018 3045; x_wconf 90' lang='lat' dir='ltr'>meam.</span> 
     </span>
    </p>

    <p class='ocr_par' dir='ltr' id='par_1_7' title="bbox 297 3069 2409 3594">
     <span class='ocr_line' id='line_1_31' title="bbox 435 3069 2409 3155; baseline -0.001 -23"><span class='ocrx_word' id='word_1_225' title='bbox 435 3069 608 3146; x_wconf 87' lang='lat' dir='ltr'>Quae</span> <span class='ocrx_word' id='word_1_226' title='bbox 646 3070 776 3133; x_wconf 88' lang='lat' dir='ltr'>sint</span> <span class='ocrx_word' id='word_1_227' title='bbox 812 3074 967 3154; x_wconf 90' lang='lat' dir='ltr'>acta,</span> <span class='ocrx_word' id='word_1_228' title='bbox 1016 3090 1303 3153; x_wconf 90' lang='lat' dir='ltr'>quaeque</span> <span class='ocrx_word' id='word_1_229' title='bbox 1341 3073 1631 3155; x_wconf 87' lang='lat' dir='ltr'>agantur,</span> <span class='ocrx_word' id='word_1_230' title='bbox 1670 3070 2165 3134; x_wconf 87' lang='lat' dir='ltr'>domesticorum</span> <span class='ocrx_word' id='word_1_231' title='bbox 2201 3070 2328 3135; x_wconf 92' lang='lat' dir='ltr'>tibi</span> <span class='ocrx_word' id='word_1_232' title='bbox 2354 3092 2409 3131; x_wconf 73' lang='lat' dir='ltr'>ao</span> 
     </span>
     <span class='ocr_line' id='line_1_32' title="bbox 299 3156 2328 3241; baseline 0.001 -20"><span class='ocrx_word' id='word_1_233' title='bbox 299 3157 535 3222; x_wconf 85' lang='lat' dir='ltr'>litteris</span> <span class='ocrx_word' id='word_1_234' title='bbox 594 3157 899 3221; x_wconf 88' lang='lat' dir='ltr'>declarari</span> <span class='ocrx_word' id='word_1_235' title='bbox 955 3160 1132 3241; x_wconf 91' lang='lat' dir='ltr'>puto.</span> <span class='ocrx_word' id='word_1_236' title='bbox 1224 3156 1324 3220; x_wconf 89' lang='lat' dir='ltr'>De</span> <span class='ocrx_word' id='word_1_237' title='bbox 1376 3179 1480 3221; x_wconf 91' lang='lat' dir='ltr'>me</span> <span class='ocrx_word' id='word_1_238' title='bbox 1540 3158 1633 3220; x_wconf 89' lang='lat' dir='ltr'>sic</span> <span class='ocrx_word' id='word_1_239' title='bbox 1692 3157 2017 3222; x_wconf 84' lang='lat' dir='ltr'>existimes</span> <span class='ocrx_word' id='word_1_240' title='bbox 2075 3180 2149 3222; x_wconf 87' lang='lat' dir='ltr'>ac</span> <span class='ocrx_word' id='word_1_241' title='bbox 2201 3158 2328 3223; x_wconf 91' lang='lat' dir='ltr'>tibi</span> 
     </span>
     <span class='ocr_line' id='line_1_33' title="bbox 298 3245 2329 3330; baseline 0.001 -22"><span class='ocrx_word' id='word_1_242' title='bbox 298 3246 677 3329; x_wconf 88' lang='lat' dir='ltr'>persuadeas</span> <span class='ocrx_word' id='word_1_243' title='bbox 731 3250 1058 3309; x_wconf 85' lang='lat' dir='ltr'>vementer</span> <span class='ocrx_word' id='word_1_244' title='bbox 1111 3245 1332 3328; x_wconf 85' lang='lat' dir='ltr'>velim,</span> <span class='ocrx_word' id='word_1_245' title='bbox 1386 3266 1518 3309; x_wconf 89' lang='lat' dir='ltr'>non</span> <span class='ocrx_word' id='word_1_246' title='bbox 1570 3267 1673 3309; x_wconf 92' lang='lat' dir='ltr'>me</span> <span class='ocrx_word' id='word_1_247' title='bbox 1728 3245 2062 3329; x_wconf 87' lang='lat' dir='ltr'>repentina</span> <span class='ocrx_word' id='word_1_248' title='bbox 2112 3247 2329 3330; x_wconf 87' lang='lat' dir='ltr'>aliqua</span> 
     </span>
     <span class='ocr_line' id='line_1_34' title="bbox 300 3332 2329 3417; baseline 0.002 -22"><span class='ocrx_word' id='word_1_249' title='bbox 300 3333 630 3397; x_wconf 84' lang='lat' dir='ltr'>voluntate</span> <span class='ocrx_word' id='word_1_250' title='bbox 677 3337 788 3396; x_wconf 91' lang='lat' dir='ltr'>aut</span> <span class='ocrx_word' id='word_1_251' title='bbox 823 3333 1094 3396; x_wconf 88' lang='lat' dir='ltr'>fortuito</span> <span class='ocrx_word' id='word_1_252' title='bbox 1132 3332 1212 3395; x_wconf 88' lang='lat' dir='ltr'>ad</span> <span class='ocrx_word' id='word_1_253' title='bbox 1248 3336 1427 3396; x_wconf 87' lang='lat' dir='ltr'>tuam</span> <span class='ocrx_word' id='word_1_254' title='bbox 1465 3333 1953 3417; x_wconf 89' lang='lat' dir='ltr'>amplitudinem</span> <span class='ocrx_word' id='word_1_255' title='bbox 1988 3334 2149 3398; x_wconf 93' lang='lat' dir='ltr'>meis</span> <span class='ocrx_word' id='word_1_256' title='bbox 2187 3336 2329 3399; x_wconf 86' lang='lat' dir='ltr'>offi-</span> 
     </span>
     <span class='ocr_line' id='line_1_35' title="bbox 301 3419 2330 3504; baseline 0.002 -21"><span class='ocrx_word' id='word_1_257' title='bbox 301 3419 416 3483; x_wconf 92' lang='lat' dir='ltr'>ciis</span> <span class='ocrx_word' id='word_1_258' title='bbox 445 3420 947 3503; x_wconf 86' lang='lat' dir='ltr'>amplectendam</span> <span class='ocrx_word' id='word_1_259' title='bbox 975 3420 1290 3504; x_wconf 86' lang='lat' dir='ltr'>incidisse,</span> <span class='ocrx_word' id='word_1_260' title='bbox 1329 3420 1455 3503; x_wconf 90' lang='lat' dir='ltr'>sed,</span> <span class='ocrx_word' id='word_1_261' title='bbox 1502 3424 1576 3484; x_wconf 88' lang='lat' dir='ltr'>ut</span> <span class='ocrx_word' id='word_1_262' title='bbox 1610 3422 1893 3504; x_wconf 93' lang='lat' dir='ltr'>primum</span> <span class='ocrx_word' id='word_1_263' title='bbox 1929 3422 2143 3486; x_wconf 88' lang='lat' dir='ltr'>forum</span> <span class='ocrx_word' id='word_1_264' title='bbox 2180 3424 2330 3488; x_wconf 90' lang='lat' dir='ltr'>atti-</span> 
     </span>
     <span class='ocr_line' id='line_1_36' title="bbox 297 3507 2408 3594; baseline 0 -24"><span class='ocrx_word' id='word_1_265' title='bbox 297 3507 522 3593; x_wconf 86' lang='lat' dir='ltr'>gerim,</span> <span class='ocrx_word' id='word_1_266' title='bbox 569 3511 883 3592; x_wconf 87' lang='lat' dir='ltr'>spectasse</span> <span class='ocrx_word' id='word_1_267' title='bbox 929 3530 1193 3592; x_wconf 87' lang='lat' dir='ltr'>semper,</span> <span class='ocrx_word' id='word_1_268' title='bbox 1239 3512 1313 3571; x_wconf 93' lang='lat' dir='ltr'>ut</span> <span class='ocrx_word' id='word_1_269' title='bbox 1358 3508 1483 3572; x_wconf 90' lang='lat' dir='ltr'>tibi</span> <span class='ocrx_word' id='word_1_270' title='bbox 1526 3530 1781 3593; x_wconf 88' lang='lat' dir='ltr'>possem</span> <span class='ocrx_word' id='word_1_271' title='bbox 1819 3532 2011 3594; x_wconf 89' lang='lat' dir='ltr'>quam</span> <span class='ocrx_word' id='word_1_272' title='bbox 2046 3512 2329 3576; x_wconf 84' lang='lat' dir='ltr'>maxime</span> <span class='ocrx_word' id='word_1_273' title='bbox 2356 3530 2408 3571; x_wconf 74' lang='lat'>85</span> 
     </span>
    </p>
   </div>
  </div>
 </body>
</html>
