<?xml version="1.0" encoding="UTF-8"?>
<!DOCTYPE html PUBLIC "-//W3C//DTD XHTML 1.0 Transitional//EN"
    "http://www.w3.org/TR/xhtml1/DTD/xhtml1-transitional.dtd">
<html xmlns="http://www.w3.org/1999/xhtml" xml:lang="en" lang="en">
 <head>
  <title>
</title>
<meta http-equiv="Content-Type" content="text/html;charset=utf-8" />
  <meta name='ocr-system' content='tesseract 3.04.00' />
  <meta name='ocr-capabilities' content='ocr_page ocr_carea ocr_par ocr_line ocrx_word'/>
</head>
<body>
  <div class='ocr_page' id='page_1' title='image "./scriptaquaemans02mlgoog_0494.png"; bbox 0 0 2567 3884; ppageno 0'>
   <div class='ocr_carea' id='block_1_1' title="bbox 346 182 1633 249">
    <p class='ocr_par' dir='ltr' id='par_1_1' title="bbox 346 182 1633 249">
     <span class='ocr_line' id='line_1_1' title="bbox 346 182 1633 249; baseline -0.009 -2"><span class='ocrx_word' id='word_1_1' title='bbox 346 185 478 249; x_wconf 82' lang='grc'>402</span> <span class='ocrx_word' id='word_1_2' title='bbox 1114 182 1633 237; x_wconf 85' lang='lat' dir='ltr'><strong>EPISTULARUM</strong></span> 
     </span>
    </p>
   </div>
   <div class='ocr_carea' id='block_1_2' title="bbox 342 323 2470 1468">
    <p class='ocr_par' dir='ltr' id='par_1_2' title="bbox 342 323 2470 1468">
     <span class='ocr_line' id='line_1_2' title="bbox 344 323 2386 413; baseline -0.002 -21"><span class='ocrx_word' id='word_1_3' title='bbox 344 349 499 413; x_wconf 87' lang='lat' dir='ltr'>erga</span> <span class='ocrx_word' id='word_1_4' title='bbox 555 348 658 391; x_wconf 89' lang='lat' dir='ltr'>me</span> <span class='ocrx_word' id='word_1_5' title='bbox 717 325 1249 391; x_wconf 74' lang='lat' dir='ltr'>benevolentiam.</span> <span class='ocrx_word' id='word_1_6' title='bbox 1340 325 1413 390; x_wconf 88' lang='lat' dir='ltr'>L.</span> <span class='ocrx_word' id='word_1_7' title='bbox 1473 323 1723 409; x_wconf 91' lang='lat' dir='ltr'>Oppius</span> <span class='ocrx_word' id='word_1_8' title='bbox 1781 323 1867 388; x_wconf 85' lang='lat' dir='ltr'>M.</span> <span class='ocrx_word' id='word_1_9' title='bbox 1928 325 1973 389; x_wconf 88' lang='lat' dir='ltr'>f.</span> <span class='ocrx_word' id='word_1_10' title='bbox 2032 324 2386 389; x_wconf 83' lang='lat' dir='ltr'>Philomeli</span> 
     </span>
     <span class='ocr_line' id='line_1_3' title="bbox 342 413 2390 501; baseline -0.001 -22"><span class='ocrx_word' id='word_1_11' title='bbox 342 415 731 501; x_wconf 70' lang='lat' dir='ltr'>negotiatur,</span> <span class='ocrx_word' id='word_1_12' title='bbox 775 414 973 479; x_wconf 89' lang='lat' dir='ltr'>homo</span> <span class='ocrx_word' id='word_1_13' title='bbox 1009 414 1173 477; x_wconf 87' lang='lat' dir='ltr'>mihi</span> <span class='ocrx_word' id='word_1_14' title='bbox 1209 413 1563 478; x_wconf 83' lang='lat' dir='ltr'>familiaris.</span> <span class='ocrx_word' id='word_1_15' title='bbox 1638 413 1808 477; x_wconf 90' lang='lat' dir='ltr'>Eum</span> <span class='ocrx_word' id='word_1_16' title='bbox 1838 413 1962 476; x_wconf 89' lang='lat' dir='ltr'>tibi</span> <span class='ocrx_word' id='word_1_17' title='bbox 1990 414 2180 477; x_wconf 89' lang='lat' dir='ltr'>unice</span> <span class='ocrx_word' id='word_1_18' title='bbox 2217 434 2390 477; x_wconf 92' lang='lat' dir='ltr'>com-</span> 
     </span>
     <span class='ocr_line' id='line_1_4' title="bbox 343 501 2389 589; baseline -0.001 -22"><span class='ocrx_word' id='word_1_19' title='bbox 343 503 596 588; x_wconf 91' lang='lat' dir='ltr'>mendo,</span> <span class='ocrx_word' id='word_1_20' title='bbox 632 524 837 586; x_wconf 88' lang='lat' dir='ltr'>eoque</span> <span class='ocrx_word' id='word_1_21' title='bbox 872 503 1097 589; x_wconf 76' lang='lat' dir='ltr'>magiS,</span> <span class='ocrx_word' id='word_1_22' title='bbox 1135 501 1310 585; x_wconf 91' lang='lat' dir='ltr'>quod</span> <span class='ocrx_word' id='word_1_23' title='bbox 1337 523 1484 566; x_wconf 89' lang='lat' dir='ltr'>cum</span> <span class='ocrx_word' id='word_1_24' title='bbox 1519 502 1734 585; x_wconf 91' lang='lat' dir='ltr'>ipsum</span> <span class='ocrx_word' id='word_1_25' title='bbox 1773 501 1994 587; x_wconf 86' lang='lat' dir='ltr'>diligo,</span> <span class='ocrx_word' id='word_1_26' title='bbox 2039 506 2184 565; x_wconf 90' lang='lat' dir='ltr'>tum</span> <span class='ocrx_word' id='word_1_27' title='bbox 2212 502 2389 585; x_wconf 90' lang='lat' dir='ltr'>quod</span> 
     </span>
     <span class='ocr_line' id='line_1_5' title="bbox 345 589 2388 678; baseline -0.001 -23"><span class='ocrx_word' id='word_1_28' title='bbox 345 592 609 678; x_wconf 88' lang='lat' dir='ltr'>negotia</span> <span class='ocrx_word' id='word_1_29' title='bbox 650 594 955 675; x_wconf 76' lang='lat' dir='ltr'>procurat</span> <span class='ocrx_word' id='word_1_30' title='bbox 999 591 1069 654; x_wconf 92' lang='lat' dir='ltr'>L.</span> <span class='ocrx_word' id='word_1_31' title='bbox 1117 589 1360 676; x_wconf 83' lang='lat' dir='ltr'>Egnati</span> <span class='ocrx_word' id='word_1_32' title='bbox 1404 589 1584 674; x_wconf 84' lang='lat' dir='ltr'>Rufi,</span> <span class='ocrx_word' id='word_1_33' title='bbox 1645 611 1774 673; x_wconf 92' lang='lat' dir='ltr'>quo</span> <span class='ocrx_word' id='word_1_34' title='bbox 1821 611 1942 675; x_wconf 93' lang='lat' dir='ltr'>ego</span> <span class='ocrx_word' id='word_1_35' title='bbox 1989 611 2119 653; x_wconf 93' lang='lat' dir='ltr'>uno</span> <span class='ocrx_word' id='word_1_36' title='bbox 2167 590 2388 674; x_wconf 88' lang='lat' dir='ltr'>equite</span> 
     </span>
     <span class='ocr_line' id='line_1_6' title="bbox 344 678 2470 762; baseline -0 -19"><span class='ocrx_word' id='word_1_37' title='bbox 344 679 420 742; x_wconf 85' lang='lat' dir='ltr'>R.</span> <span class='ocrx_word' id='word_1_38' title='bbox 468 679 965 743; x_wconf 80' lang='lat' dir='ltr'>familiarissime</span> <span class='ocrx_word' id='word_1_39' title='bbox 1012 682 1186 762; x_wconf 89' lang='lat' dir='ltr'>utor,</span> <span class='ocrx_word' id='word_1_40' title='bbox 1246 682 1313 741; x_wconf 90' lang='lat' dir='ltr'>et</span> <span class='ocrx_word' id='word_1_41' title='bbox 1358 678 1471 761; x_wconf 92' lang='lat' dir='ltr'>qui</span> <span class='ocrx_word' id='word_1_42' title='bbox 1527 699 1673 741; x_wconf 89' lang='lat' dir='ltr'>cum</span> <span class='ocrx_word' id='word_1_43' title='bbox 1720 678 2183 742; x_wconf 79' lang='lat' dir='ltr'>consuetudine</span> <span class='ocrx_word' id='word_1_44' title='bbox 2229 678 2388 742; x_wconf 89' lang='lat' dir='ltr'>coti·</span> <span class='ocrx_word' id='word_1_45' title='bbox 2444 692 2470 733; x_wconf 86' lang='lat'><strong>5</strong></span> 
     </span>
     <span class='ocr_line' id='line_1_7' title="bbox 347 765 2390 850; baseline -0.001 -19"><span class='ocrx_word' id='word_1_46' title='bbox 347 768 536 831; x_wconf 90' lang='lat' dir='ltr'>diana</span> <span class='ocrx_word' id='word_1_47' title='bbox 580 771 721 831; x_wconf 90' lang='lat' dir='ltr'>tum</span> <span class='ocrx_word' id='word_1_48' title='bbox 768 766 1001 831; x_wconf 88' lang='lat' dir='ltr'>officiis</span> <span class='ocrx_word' id='word_1_49' title='bbox 1057 766 1357 849; x_wconf 83' lang='lat' dir='ltr'>plurimis</span> <span class='ocrx_word' id='word_1_50' title='bbox 1403 765 1831 850; x_wconf 84' lang='lat' dir='ltr'>maximisque</span> <span class='ocrx_word' id='word_1_51' title='bbox 1874 766 2040 829; x_wconf 82' lang='lat' dir='ltr'>mihi</span> <span class='ocrx_word' id='word_1_52' title='bbox 2087 766 2390 830; x_wconf 88' lang='lat' dir='ltr'>coniunc-</span> 
     </span>
     <span class='ocr_line' id='line_1_8' title="bbox 346 853 2390 941; baseline -0.001 -22"><span class='ocrx_word' id='word_1_53' title='bbox 346 859 453 919; x_wconf 87' lang='lat' dir='ltr'>tus</span> <span class='ocrx_word' id='word_1_54' title='bbox 498 858 610 919; x_wconf 87' lang='lat' dir='ltr'>est.</span> <span class='ocrx_word' id='word_1_55' title='bbox 702 853 984 939; x_wconf 91' lang='lat' dir='ltr'>Oppium</span> <span class='ocrx_word' id='word_1_56' title='bbox 1026 854 1233 940; x_wconf 85' lang='lat' dir='ltr'>igitur</span> <span class='ocrx_word' id='word_1_57' title='bbox 1274 858 1680 938; x_wconf 83' lang='lat' dir='ltr'>praesentem</span> <span class='ocrx_word' id='word_1_58' title='bbox 1724 857 1800 917; x_wconf 90' lang='lat' dir='ltr'>ut</span> <span class='ocrx_word' id='word_1_59' title='bbox 1845 854 2095 940; x_wconf 75' lang='lat' dir='ltr'>diligas,</span> <span class='ocrx_word' id='word_1_60' title='bbox 2143 853 2390 941; x_wconf 83' lang='lat' dir='ltr'>Egnati</span> 
     </span>
     <span class='ocr_line' id='line_1_9' title="bbox 348 943 2391 1027; baseline -0.001 -20"><span class='ocrx_word' id='word_1_61' title='bbox 348 943 630 1027; x_wconf 87' lang='lat' dir='ltr'>apsentis</span> <span class='ocrx_word' id='word_1_62' title='bbox 675 965 811 1007; x_wconf 86' lang='lat' dir='ltr'>rem</span> <span class='ocrx_word' id='word_1_63' title='bbox 858 946 931 1007; x_wconf 89' lang='lat' dir='ltr'>ut</span> <span class='ocrx_word' id='word_1_64' title='bbox 975 945 1212 1026; x_wconf 90' lang='lat' dir='ltr'>tueare,</span> <span class='ocrx_word' id='word_1_65' title='bbox 1258 963 1460 1026; x_wconf 88' lang='lat' dir='ltr'>aeque</span> <span class='ocrx_word' id='word_1_66' title='bbox 1497 965 1536 1007; x_wconf 90' lang='lat' dir='ltr'>a</span> <span class='ocrx_word' id='word_1_67' title='bbox 1569 944 1635 1005; x_wconf 91' lang='lat' dir='ltr'>te</span> <span class='ocrx_word' id='word_1_68' title='bbox 1679 945 1850 1026; x_wconf 91' lang='lat' dir='ltr'>pet0,</span> <span class='ocrx_word' id='word_1_69' title='bbox 1896 963 1971 1005; x_wconf 89' lang='lat' dir='ltr'>ac</span> <span class='ocrx_word' id='word_1_70' title='bbox 2007 943 2063 1006; x_wconf 92' lang='lat' dir='ltr'>si</span> <span class='ocrx_word' id='word_1_71' title='bbox 2098 964 2248 1006; x_wconf 89' lang='lat' dir='ltr'>mea</span> <span class='ocrx_word' id='word_1_72' title='bbox 2284 964 2391 1005; x_wconf 90' lang='lat' dir='ltr'>ne-</span> 
     </span>
     <span class='ocr_line' id='line_1_10' title="bbox 347 1029 2390 1118; baseline -0.001 -23"><span class='ocrx_word' id='word_1_73' title='bbox 347 1032 527 1118; x_wconf 91' lang='lat' dir='ltr'>gotia</span> <span class='ocrx_word' id='word_1_74' title='bbox 572 1035 799 1095; x_wconf 86' lang='lat' dir='ltr'>essent.</span> <span class='ocrx_word' id='word_1_75' title='bbox 890 1029 1107 1095; x_wconf 86' lang='lat' dir='ltr'>Velim</span> <span class='ocrx_word' id='word_1_76' title='bbox 1152 1030 1500 1094; x_wconf 88' lang='lat' dir='ltr'>memoriae</span> <span class='ocrx_word' id='word_1_77' title='bbox 1555 1033 1703 1093; x_wconf 89' lang='lat' dir='ltr'>tuae</span> <span class='ocrx_word' id='word_1_78' title='bbox 1749 1051 1940 1093; x_wconf 90' lang='lat' dir='ltr'>causa</span> <span class='ocrx_word' id='word_1_79' title='bbox 1985 1029 2096 1093; x_wconf 92' lang='lat' dir='ltr'>des</span> <span class='ocrx_word' id='word_1_80' title='bbox 2141 1030 2390 1095; x_wconf 89' lang='lat' dir='ltr'>littera-</span> 
     </span>
     <span class='ocr_line' id='line_1_11' title="bbox 348 1117 2468 1203; baseline -0 -21"><span class='ocrx_word' id='word_1_81' title='bbox 348 1142 495 1183; x_wconf 92' lang='lat' dir='ltr'>rum</span> <span class='ocrx_word' id='word_1_82' title='bbox 539 1119 801 1203; x_wconf 80' lang='lat' dir='ltr'>aliquid⁷</span> <span class='ocrx_word' id='word_1_83' title='bbox 849 1140 1011 1202; x_wconf 92' lang='lat' dir='ltr'>quae</span> <span class='ocrx_word' id='word_1_84' title='bbox 1056 1118 1180 1181; x_wconf 90' lang='lat' dir='ltr'>tibi</span> <span class='ocrx_word' id='word_1_85' title='bbox 1226 1118 1297 1181; x_wconf 93' lang='lat' dir='ltr'>in</span> <span class='ocrx_word' id='word_1_86' title='bbox 1341 1117 1676 1201; x_wconf 81' lang='lat' dir='ltr'>provincia</span> <span class='ocrx_word' id='word_1_87' title='bbox 1720 1118 2090 1202; x_wconf 85' lang='lat' dir='ltr'>reddantur,</span> <span class='ocrx_word' id='word_1_88' title='bbox 2137 1119 2253 1182; x_wconf 90' lang='lat' dir='ltr'>sed</span> <span class='ocrx_word' id='word_1_89' title='bbox 2298 1118 2390 1181; x_wconf 90' lang='lat' dir='ltr'>ita</span> <span class='ocrx_word' id='word_1_90' title='bbox 2419 1135 2468 1172; x_wconf 85' lang='lat'>1⁰</span> 
     </span>
     <span class='ocr_line' id='line_1_12' title="bbox 349 1205 2390 1292; baseline -0.001 -21"><span class='ocrx_word' id='word_1_91' title='bbox 349 1207 738 1290; x_wconf 74' lang='lat' dir='ltr'>conscribas,</span> <span class='ocrx_word' id='word_1_92' title='bbox 803 1210 877 1270; x_wconf 87' lang='lat' dir='ltr'>ut</span> <span class='ocrx_word' id='word_1_93' title='bbox 933 1210 1106 1289; x_wconf 89' lang='lat' dir='ltr'>tum,</span> <span class='ocrx_word' id='word_1_94' title='bbox 1171 1227 1319 1269; x_wconf 91' lang='lat' dir='ltr'>cum</span> <span class='ocrx_word' id='word_1_95' title='bbox 1379 1227 1484 1269; x_wconf 91' lang='lat' dir='ltr'>eas</span> <span class='ocrx_word' id='word_1_96' title='bbox 1541 1205 1718 1292; x_wconf 91' lang='lat' dir='ltr'>leges</span> <span class='ocrx_word' id='word_1_97' title='bbox 1732 1256 1750 1289; x_wconf 94' lang='lat'>,</span> <span class='ocrx_word' id='word_1_98' title='bbox 1814 1205 2001 1269; x_wconf 90' lang='lat' dir='ltr'>facile</span> <span class='ocrx_word' id='word_1_99' title='bbox 2061 1206 2390 1271; x_wconf 86' lang='lat' dir='ltr'>recordari</span> 
     </span>
     <span class='ocr_line' id='line_1_13' title="bbox 345 1293 2393 1380; baseline -0 -22"><span class='ocrx_word' id='word_1_100' title='bbox 345 1295 555 1379; x_wconf 89' lang='lat' dir='ltr'>possis</span> <span class='ocrx_word' id='word_1_101' title='bbox 606 1294 799 1357; x_wconf 89' lang='lat' dir='ltr'>huius</span> <span class='ocrx_word' id='word_1_102' title='bbox 853 1316 1031 1358; x_wconf 87' lang='lat' dir='ltr'>meae</span> <span class='ocrx_word' id='word_1_103' title='bbox 1091 1293 1668 1357; x_wconf 86' lang='lat' dir='ltr'>commendationis</span> <span class='ocrx_word' id='word_1_104' title='bbox 1731 1293 2152 1380; x_wconf 88' lang='lat' dir='ltr'>diligentiam.</span> <span class='ocrx_word' id='word_1_105' title='bbox 2246 1294 2393 1359; x_wconf 91' lang='lat' dir='ltr'>Hoc</span> 
     </span>
     <span class='ocr_line' id='line_1_14' title="bbox 348 1382 1735 1468; baseline -0.001 -21"><span class='ocrx_word' id='word_1_106' title='bbox 348 1387 414 1446; x_wconf 91' lang='lat' dir='ltr'>te</span> <span class='ocrx_word' id='word_1_107' title='bbox 458 1386 785 1447; x_wconf 88' lang='lat' dir='ltr'>vementer</span> <span class='ocrx_word' id='word_1_108' title='bbox 832 1383 1027 1446; x_wconf 87' lang='lat' dir='ltr'>etiam</span> <span class='ocrx_word' id='word_1_109' title='bbox 1074 1386 1266 1466; x_wconf 88' lang='lat' dir='ltr'>atque</span> <span class='ocrx_word' id='word_1_110' title='bbox 1314 1382 1511 1445; x_wconf 88' lang='lat' dir='ltr'>etiam</span> <span class='ocrx_word' id='word_1_111' title='bbox 1558 1403 1735 1468; x_wconf 79' lang='lat' dir='ltr'>rogo,</span> 
     </span>
    </p>
   </div>
   <div class='ocr_carea' id='block_1_3' title="bbox 350 1574 2469 1765">
    <p class='ocr_par' dir='ltr' id='par_1_3' title="bbox 350 1574 2469 1765">
     <span class='ocr_line' id='line_1_15' title="bbox 1254 1574 1485 1640; baseline 0 -1"><span class='ocrx_word' id='word_1_112' title='bbox 1254 1574 1485 1640; x_wconf 87' lang='lat' dir='ltr'>XLIV.</span> 
     </span>
     <span class='ocr_line' id='line_1_16' title="bbox 350 1695 2469 1765; baseline 0.001 -15"><span class='ocrx_word' id='word_1_113' title='bbox 350 1695 463 1750; x_wconf 81' lang='lat' dir='ltr'>Ser.</span> <span class='ocrx_word' id='word_1_114' title='bbox 495 1696 704 1751; x_wconf 81' lang='lat' dir='ltr'>Romae</span> <span class='ocrx_word' id='word_1_115' title='bbox 730 1701 860 1750; x_wconf 76' lang='lat' dir='ltr'>ante</span> <span class='ocrx_word' id='word_1_116' title='bbox 886 1713 939 1750; x_wconf 83' lang='lat' dir='ltr'>a.</span> <span class='ocrx_word' id='word_1_117' title='bbox 962 1697 1075 1749; x_wconf 85' lang='lat'>696</span> <span class='ocrx_word' id='word_1_118' title='bbox 1095 1700 1219 1763; x_wconf 79' lang='lat'><em>(58)</em></span> <span class='ocrx_word' id='word_1_119' title='bbox 1248 1712 1365 1749; x_wconf 78' lang='lat' dir='ltr'>non</span> <span class='ocrx_word' id='word_1_120' title='bbox 1389 1696 1564 1750; x_wconf 72' lang='lat' dir='ltr'>nullis</span> <span class='ocrx_word' id='word_1_121' title='bbox 1589 1696 1864 1750; x_wconf 71' lang='lat' dir='ltr'>‘mensibus</span> <span class='ocrx_word' id='word_1_122' title='bbox 1884 1702 2012 1764; x_wconf 75' lang='lat' dir='ltr'>post</span> <span class='ocrx_word' id='word_1_123' title='bbox 2038 1713 2120 1765; x_wconf 78' lang='lat' dir='ltr'>ep.</span> <span class='ocrx_word' id='word_1_124' title='bbox 2154 1696 2391 1750; x_wconf 83' lang='lat' dir='ltr'>XLHI.</span> <span class='ocrx_word' id='word_1_125' title='bbox 2421 1715 2469 1753; x_wconf 87' lang='lat'>15</span> 
     </span>
    </p>
   </div>
   <div class='ocr_carea' id='block_1_4' title="bbox 1054 1817 1684 1873">
    <p class='ocr_par' dir='ltr' id='par_1_4' title="bbox 1054 1817 1684 1873">
     <span class='ocr_line' id='line_1_17' title="bbox 1054 1817 1684 1873; baseline -0.002 0"><span class='ocrx_word' id='word_1_126' title='bbox 1054 1817 1314 1873; x_wconf 85' lang='lat' dir='ltr'>CICERO</span> <span class='ocrx_word' id='word_1_127' title='bbox 1354 1817 1592 1872; x_wconf 80' lang='lat' dir='ltr'><strong>GALLO</strong></span> <span class='ocrx_word' id='word_1_128' title='bbox 1632 1817 1684 1872; x_wconf 82' lang='lat' dir='ltr'>S.</span> 
     </span>
    </p>
   </div>
   <div class='ocr_carea' id='block_1_5' title="bbox 347 1943 2467 3000">
    <p class='ocr_par' dir='ltr' id='par_1_5' title="bbox 347 1943 2467 3000">
     <span class='ocr_line' id='line_1_18' title="bbox 481 1943 2394 2029; baseline -0.001 -20"><span class='ocrx_word' id='word_1_129' title='bbox 481 1945 628 2010; x_wconf 88' lang='lat' dir='ltr'>Etsi</span> <span class='ocrx_word' id='word_1_130' title='bbox 674 1966 753 2009; x_wconf 85' lang='lat' dir='ltr'>ex</span> <span class='ocrx_word' id='word_1_131' title='bbox 797 1944 929 2009; x_wconf 88' lang='lat' dir='ltr'>tuis</span> <span class='ocrx_word' id='word_1_132' title='bbox 977 1948 1041 2009; x_wconf 90' lang='lat' dir='ltr'>et</span> <span class='ocrx_word' id='word_1_133' title='bbox 1086 1966 1166 2008; x_wconf 84' lang='lat' dir='ltr'>ex</span> <span class='ocrx_word' id='word_1_134' title='bbox 1209 1943 1281 2007; x_wconf 89' lang='lat' dir='ltr'>L.</span> <span class='ocrx_word' id='word_1_135' title='bbox 1331 1943 1518 2029; x_wconf 86' lang='lat' dir='ltr'>Oppi,</span> <span class='ocrx_word' id='word_1_136' title='bbox 1565 1943 1904 2007; x_wconf 86' lang='lat' dir='ltr'>familiaris</span> <span class='ocrx_word' id='word_1_137' title='bbox 1949 1944 2106 2028; x_wconf 89' lang='lat' dir='ltr'>mei,</span> <span class='ocrx_word' id='word_1_138' title='bbox 2151 1944 2394 2008; x_wconf 87' lang='lat' dir='ltr'>litteris</span> 
     </span>
     <span class='ocr_line' id='line_1_19' title="bbox 349 2032 2396 2120; baseline -0.001 -23"><span class='ocrx_word' id='word_1_139' title='bbox 349 2033 624 2120; x_wconf 84' lang='lat' dir='ltr'>cognovi</span> <span class='ocrx_word' id='word_1_140' title='bbox 677 2038 742 2097; x_wconf 92' lang='lat' dir='ltr'>te</span> <span class='ocrx_word' id='word_1_141' title='bbox 796 2054 1149 2097; x_wconf 90' lang='lat' dir='ltr'>memorem</span> <span class='ocrx_word' id='word_1_142' title='bbox 1196 2032 1771 2096; x_wconf 87' lang='lat' dir='ltr'>commendationis</span> <span class='ocrx_word' id='word_1_143' title='bbox 1825 2054 2004 2096; x_wconf 89' lang='lat' dir='ltr'>meae</span> <span class='ocrx_word' id='word_1_144' title='bbox 2050 2032 2253 2096; x_wconf 91' lang='lat' dir='ltr'>fuisse</span> <span class='ocrx_word' id='word_1_145' title='bbox 2299 2032 2396 2095; x_wconf 89' lang='lat' dir='ltr'>id—</span> 
     </span>
     <span class='ocr_line' id='line_1_20' title="bbox 350 2120 2396 2207; baseline -0 -22"><span class='ocrx_word' id='word_1_146' title='bbox 350 2143 473 2205; x_wconf 87' lang='lat' dir='ltr'>que</span> <span class='ocrx_word' id='word_1_147' title='bbox 509 2143 629 2207; x_wconf 88' lang='lat' dir='ltr'>pro</span> <span class='ocrx_word' id='word_1_148' title='bbox 656 2125 769 2185; x_wconf 91' lang='lat' dir='ltr'>tua</span> <span class='ocrx_word' id='word_1_149' title='bbox 798 2143 1049 2185; x_wconf 87' lang='lat' dir='ltr'>summa</span> <span class='ocrx_word' id='word_1_150' title='bbox 1076 2142 1229 2206; x_wconf 89' lang='lat' dir='ltr'>erga</span> <span class='ocrx_word' id='word_1_151' title='bbox 1256 2142 1360 2184; x_wconf 95' lang='lat' dir='ltr'>me</span> <span class='ocrx_word' id='word_1_152' title='bbox 1407 2120 1844 2186; x_wconf 88' lang='lat' dir='ltr'>benivolentia</span> <span class='ocrx_word' id='word_1_153' title='bbox 1879 2142 2130 2205; x_wconf 90' lang='lat' dir='ltr'>proque</span> <span class='ocrx_word' id='word_1_154' title='bbox 2167 2124 2396 2184; x_wconf 88' lang='lat' dir='ltr'>nostra</span> 
     </span>
     <span class='ocr_line' id='line_1_21' title="bbox 348 2208 2467 2292; baseline -0.001 -19"><span class='ocrx_word' id='word_1_155' title='bbox 348 2209 815 2273; x_wconf 85' lang='lat' dir='ltr'>necessitudine</span> <span class='ocrx_word' id='word_1_156' title='bbox 860 2210 1126 2273; x_wconf 87' lang='lat' dir='ltr'>minime</span> <span class='ocrx_word' id='word_1_157' title='bbox 1172 2230 1317 2272; x_wconf 90' lang='lat' dir='ltr'>sum</span> <span class='ocrx_word' id='word_1_158' title='bbox 1363 2208 1716 2273; x_wconf 88' lang='lat' dir='ltr'>admiratus</span> <span class='ocrx_word' id='word_1_159' title='bbox 1725 2259 1744 2292; x_wconf 93' lang='lat'>,</span> <span class='ocrx_word' id='word_1_160' title='bbox 1789 2212 2007 2273; x_wconf 87' lang='lat' dir='ltr'>tamen</span> <span class='ocrx_word' id='word_1_161' title='bbox 2053 2208 2254 2272; x_wconf 91' lang='lat' dir='ltr'>etiam</span> <span class='ocrx_word' id='word_1_162' title='bbox 2299 2213 2394 2273; x_wconf 87' lang='lat' dir='ltr'>at-</span> <span class='ocrx_word' id='word_1_163' title='bbox 2419 2227 2467 2265; x_wconf 81' lang='lat'>20</span> 
     </span>
     <span class='ocr_line' id='line_1_22' title="bbox 349 2295 2392 2383; baseline 0 -24"><span class='ocrx_word' id='word_1_164' title='bbox 349 2318 473 2380; x_wconf 92' lang='lat' dir='ltr'>que</span> <span class='ocrx_word' id='word_1_165' title='bbox 533 2297 728 2361; x_wconf 89' lang='lat' dir='ltr'>etiam</span> <span class='ocrx_word' id='word_1_166' title='bbox 786 2297 910 2361; x_wconf 91' lang='lat' dir='ltr'>tibi</span> <span class='ocrx_word' id='word_1_167' title='bbox 967 2297 1039 2361; x_wconf 90' lang='lat' dir='ltr'>L.</span> <span class='ocrx_word' id='word_1_168' title='bbox 1089 2295 1372 2380; x_wconf 92' lang='lat' dir='ltr'>Oppium</span> <span class='ocrx_word' id='word_1_169' title='bbox 1430 2300 1834 2380; x_wconf 87' lang='lat' dir='ltr'>praesentem</span> <span class='ocrx_word' id='word_1_170' title='bbox 1890 2301 1955 2361; x_wconf 92' lang='lat' dir='ltr'>et</span> <span class='ocrx_word' id='word_1_171' title='bbox 2008 2295 2078 2359; x_wconf 93' lang='lat' dir='ltr'>L.</span> <span class='ocrx_word' id='word_1_172' title='bbox 2126 2296 2392 2383; x_wconf 90' lang='lat' dir='ltr'>Egnati,</span> 
     </span>
     <span class='ocr_line' id='line_1_23' title="bbox 347 2384 2396 2471; baseline 0 -24"><span class='ocrx_word' id='word_1_173' title='bbox 347 2385 477 2448; x_wconf 91' lang='lat' dir='ltr'>mei</span> <span class='ocrx_word' id='word_1_174' title='bbox 521 2384 1026 2469; x_wconf 88' lang='lat' dir='ltr'>familiarissimi,</span> <span class='ocrx_word' id='word_1_175' title='bbox 1072 2385 1356 2468; x_wconf 89' lang='lat' dir='ltr'>apsentis</span> <span class='ocrx_word' id='word_1_176' title='bbox 1402 2384 1665 2471; x_wconf 88' lang='lat' dir='ltr'>negotia</span> <span class='ocrx_word' id='word_1_177' title='bbox 1710 2384 2107 2449; x_wconf 87' lang='lat' dir='ltr'>commendo.</span> <span class='ocrx_word' id='word_1_178' title='bbox 2183 2384 2396 2449; x_wconf 80' lang='lat' dir='ltr'>Tanta</span> 
     </span>
     <span class='ocr_line' id='line_1_24' title="bbox 348 2472 2394 2559; baseline 0.001 -24"><span class='ocrx_word' id='word_1_179' title='bbox 348 2472 511 2535; x_wconf 85' lang='lat' dir='ltr'>mihi</span> <span class='ocrx_word' id='word_1_180' title='bbox 549 2493 694 2536; x_wconf 91' lang='lat' dir='ltr'>cum</span> <span class='ocrx_word' id='word_1_181' title='bbox 731 2494 806 2536; x_wconf 93' lang='lat' dir='ltr'>eo</span> <span class='ocrx_word' id='word_1_182' title='bbox 843 2472 1246 2537; x_wconf 89' lang='lat' dir='ltr'>necessitudo</span> <span class='ocrx_word' id='word_1_183' title='bbox 1284 2476 1383 2537; x_wconf 88' lang='lat' dir='ltr'>est</span> <span class='ocrx_word' id='word_1_184' title='bbox 1418 2473 1968 2559; x_wconf 85' lang='lat' dir='ltr'>familiaritasque,</span> <span class='ocrx_word' id='word_1_185' title='bbox 2015 2476 2106 2557; x_wconf 89' lang='lat' dir='ltr'>ut,</span> <span class='ocrx_word' id='word_1_186' title='bbox 2153 2473 2210 2536; x_wconf 91' lang='lat' dir='ltr'>si</span> <span class='ocrx_word' id='word_1_187' title='bbox 2248 2494 2394 2537; x_wconf 88' lang='lat' dir='ltr'>mea</span> 
     </span>
     <span class='ocr_line' id='line_1_25' title="bbox 348 2560 2395 2647; baseline 0 -23"><span class='ocrx_word' id='word_1_188' title='bbox 348 2583 450 2625; x_wconf 89' lang='lat' dir='ltr'>res</span> <span class='ocrx_word' id='word_1_189' title='bbox 494 2564 688 2645; x_wconf 89' lang='lat' dir='ltr'>esset,</span> <span class='ocrx_word' id='word_1_190' title='bbox 746 2582 880 2625; x_wconf 91' lang='lat' dir='ltr'>non</span> <span class='ocrx_word' id='word_1_191' title='bbox 923 2561 1131 2647; x_wconf 89' lang='lat' dir='ltr'>magis</span> <span class='ocrx_word' id='word_1_192' title='bbox 1174 2562 1554 2626; x_wconf 87' lang='lat' dir='ltr'>laborarem.</span> <span class='ocrx_word' id='word_1_193' title='bbox 1649 2560 2057 2646; x_wconf 84' lang='lat' dir='ltr'>Quapropter</span> <span class='ocrx_word' id='word_1_194' title='bbox 2100 2561 2395 2646; x_wconf 86' lang='lat' dir='ltr'>gratissi-</span> 
     </span>
     <span class='ocr_line' id='line_1_26' title="bbox 348 2648 2466 2736; baseline 0 -23"><span class='ocrx_word' id='word_1_195' title='bbox 348 2671 527 2713; x_wconf 92' lang='lat' dir='ltr'>mum</span> <span class='ocrx_word' id='word_1_196' title='bbox 572 2648 735 2712; x_wconf 85' lang='lat' dir='ltr'>mihi</span> <span class='ocrx_word' id='word_1_197' title='bbox 781 2649 1009 2713; x_wconf 90' lang='lat' dir='ltr'>feceris</span> <span class='ocrx_word' id='word_1_198' title='bbox 1016 2700 1033 2733; x_wconf 92' lang='lat'>,</span> <span class='ocrx_word' id='word_1_199' title='bbox 1083 2649 1136 2712; x_wconf 90' lang='lat' dir='ltr'>si</span> <span class='ocrx_word' id='word_1_200' title='bbox 1184 2650 1427 2713; x_wconf 89' lang='lat' dir='ltr'>curaris</span> <span class='ocrx_word' id='word_1_201' title='bbox 1435 2700 1453 2733; x_wconf 94' lang='lat'>,</span> <span class='ocrx_word' id='word_1_202' title='bbox 1499 2654 1574 2713; x_wconf 90' lang='lat' dir='ltr'>ut</span> <span class='ocrx_word' id='word_1_203' title='bbox 1619 2650 1675 2713; x_wconf 89' lang='lat' dir='ltr'>is</span> <span class='ocrx_word' id='word_1_204' title='bbox 1722 2648 2060 2736; x_wconf 85' lang='lat' dir='ltr'>intellegat</span> <span class='ocrx_word' id='word_1_205' title='bbox 2103 2671 2210 2713; x_wconf 93' lang='lat' dir='ltr'>me</span> <span class='ocrx_word' id='word_1_206' title='bbox 2249 2671 2290 2712; x_wconf 88' lang='lat' dir='ltr'>a</span> <span class='ocrx_word' id='word_1_207' title='bbox 2324 2654 2391 2713; x_wconf 90' lang='lat' dir='ltr'>te</span> <span class='ocrx_word' id='word_1_208' title='bbox 2419 2665 2466 2706; x_wconf 78' lang='lat'>2⁵</span> 
     </span>
     <span class='ocr_line' id='line_1_27' title="bbox 349 2735 2393 2822; baseline 0 -22"><span class='ocrx_word' id='word_1_209' title='bbox 349 2741 601 2801; x_wconf 87' lang='lat' dir='ltr'>tantum</span> <span class='ocrx_word' id='word_1_210' title='bbox 680 2738 912 2821; x_wconf 90' lang='lat' dir='ltr'>amari,</span> <span class='ocrx_word' id='word_1_211' title='bbox 986 2741 1301 2821; x_wconf 90' lang='lat' dir='ltr'>quantum</span> <span class='ocrx_word' id='word_1_212' title='bbox 1372 2738 1511 2822; x_wconf 90' lang='lat' dir='ltr'>ipse</span> <span class='ocrx_word' id='word_1_213' title='bbox 1583 2738 1901 2802; x_wconf 78' lang='lat' dir='ltr'>existimo,</span> <span class='ocrx_word' id='word_1_214' title='bbox 2005 2735 2151 2801; x_wconf 90' lang='lat' dir='ltr'>Hoc</span> <span class='ocrx_word' id='word_1_215' title='bbox 2224 2736 2393 2801; x_wconf 90' lang='lat' dir='ltr'>mihi</span> 
     </span>
     <span class='ocr_line' id='line_1_28' title="bbox 348 2825 2392 2911; baseline -0 -22"><span class='ocrx_word' id='word_1_216' title='bbox 348 2826 597 2911; x_wconf 89' lang='lat' dir='ltr'>gratius</span> <span class='ocrx_word' id='word_1_217' title='bbox 642 2826 849 2889; x_wconf 89' lang='lat' dir='ltr'>facere</span> <span class='ocrx_word' id='word_1_218' title='bbox 903 2825 1071 2889; x_wconf 87' lang='lat' dir='ltr'>nihil</span> <span class='ocrx_word' id='word_1_219' title='bbox 1122 2828 1336 2910; x_wconf 66' lang='lat' dir='ltr'>potest,</span> <span class='ocrx_word' id='word_1_220' title='bbox 1396 2825 1591 2909; x_wconf 90' lang='lat' dir='ltr'>idque</span> <span class='ocrx_word' id='word_1_221' title='bbox 1644 2829 1718 2889; x_wconf 90' lang='lat' dir='ltr'>ut</span> <span class='ocrx_word' id='word_1_222' title='bbox 1772 2826 1997 2911; x_wconf 89' lang='lat' dir='ltr'>facias,</span> <span class='ocrx_word' id='word_1_223' title='bbox 2053 2829 2392 2889; x_wconf 82' lang='lat' dir='ltr'>vementer</span> 
     </span>
     <span class='ocr_line' id='line_1_29' title="bbox 348 2918 638 3000; baseline 0.003 -23"><span class='ocrx_word' id='word_1_224' title='bbox 348 2918 413 2978; x_wconf 86' lang='lat' dir='ltr'>te</span> <span class='ocrx_word' id='word_1_225' title='bbox 460 2935 638 3000; x_wconf 87' lang='lat' dir='ltr'>rog0.</span> 
     </span>
    </p>
   </div>
   <div class='ocr_carea' id='block_1_6' title="bbox 731 3035 2467 3226">
    <p class='ocr_par' dir='ltr' id='par_1_6' title="bbox 731 3035 2467 3226">
     <span class='ocr_line' id='line_1_30' title="bbox 1263 3035 1462 3101; baseline 0 -1"><span class='ocrx_word' id='word_1_226' title='bbox 1263 3035 1462 3101; x_wconf 90' lang='lat' dir='ltr'>XLV.</span> 
     </span>
     <span class='ocr_line' id='line_1_31' title="bbox 731 3155 2467 3226; baseline -0.002 -15"><span class='ocrx_word' id='word_1_227' title='bbox 731 3156 843 3211; x_wconf 81' lang='lat' dir='ltr'>Ser.</span> <span class='ocrx_word' id='word_1_228' title='bbox 883 3157 1092 3212; x_wconf 84' lang='lat' dir='ltr'>Romae</span> <span class='ocrx_word' id='word_1_229' title='bbox 1128 3158 1241 3211; x_wconf 81' lang='lat' dir='ltr'>eod.</span> <span class='ocrx_word' id='word_1_230' title='bbox 1279 3158 1393 3224; x_wconf 82' lang='lat' dir='ltr'>fere</span> <span class='ocrx_word' id='word_1_231' title='bbox 1431 3174 1481 3211; x_wconf 89' lang='lat' dir='ltr'>a.</span> <span class='ocrx_word' id='word_1_232' title='bbox 1523 3172 1625 3226; x_wconf 74' lang='lat' dir='ltr'>quo</span> <span class='ocrx_word' id='word_1_233' title='bbox 1663 3174 1743 3226; x_wconf 73' lang='lat' dir='ltr'>ep.</span> <span class='ocrx_word' id='word_1_234' title='bbox 1787 3155 2007 3209; x_wconf 82' lang='lat' dir='ltr'>XLIV.</span> <span class='ocrx_word' id='word_1_235' title='bbox 2419 3176 2467 3215; x_wconf 70' lang='lat'>30</span> 
     </span>
    </p>
   </div>
   <div class='ocr_carea' id='block_1_7' title="bbox 710 3277 2021 3343">
    <p class='ocr_par' dir='ltr' id='par_1_7' title="bbox 710 3277 2021 3343">
     <span class='ocr_line' id='line_1_32' title="bbox 710 3277 2021 3343; baseline -0.002 -10"><span class='ocrx_word' id='word_1_236' title='bbox 710 3278 965 3334; x_wconf 87' lang='lat' dir='ltr'>CICERO</span> <span class='ocrx_word' id='word_1_237' title='bbox 1023 3278 1386 3334; x_wconf 88' lang='lat' dir='ltr'>APPULEIO</span> <span class='ocrx_word' id='word_1_238' title='bbox 1442 3277 2021 3343; x_wconf 81' lang='lat' dir='ltr'>PROQUAESTORI.</span> 
     </span>
    </p>
   </div>
   <div class='ocr_carea' id='block_1_8' title="bbox 346 3401 2387 3579">
    <p class='ocr_par' dir='ltr' id='par_1_8' title="bbox 346 3401 2387 3579">
     <span class='ocr_line' id='line_1_33' title="bbox 478 3401 2385 3490; baseline 0.001 -24"><span class='ocrx_word' id='word_1_239' title='bbox 478 3401 550 3466; x_wconf 92' lang='lat' dir='ltr'>L.</span> <span class='ocrx_word' id='word_1_240' title='bbox 598 3402 881 3490; x_wconf 85' lang='lat' dir='ltr'>Egnatio</span> <span class='ocrx_word' id='word_1_241' title='bbox 938 3426 1067 3468; x_wconf 92' lang='lat' dir='ltr'>uno</span> <span class='ocrx_word' id='word_1_242' title='bbox 1124 3405 1342 3487; x_wconf 87' lang='lat' dir='ltr'>equite</span> <span class='ocrx_word' id='word_1_243' title='bbox 1386 3403 1462 3466; x_wconf 85' lang='lat' dir='ltr'>R.</span> <span class='ocrx_word' id='word_1_244' title='bbox 1512 3405 1615 3469; x_wconf 82' lang='lat' dir='ltr'>vel</span> <span class='ocrx_word' id='word_1_245' title='bbox 1670 3403 2172 3468; x_wconf 82' lang='lat' dir='ltr'>familiarissime</span> <span class='ocrx_word' id='word_1_246' title='bbox 2219 3406 2385 3467; x_wconf 88' lang='lat' dir='ltr'>utor.</span> 
     </span>
     <span class='ocr_line' id='line_1_34' title="bbox 346 3488 2387 3579; baseline 0.001 -27"><span class='ocrx_word' id='word_1_247' title='bbox 346 3488 507 3553; x_wconf 91' lang='lat' dir='ltr'>Eius</span> <span class='ocrx_word' id='word_1_248' title='bbox 533 3489 923 3557; x_wconf 88' lang='lat' dir='ltr'>Anchialum</span> <span class='ocrx_word' id='word_1_249' title='bbox 951 3514 1205 3556; x_wconf 86' lang='lat' dir='ltr'>servum</span> <span class='ocrx_word' id='word_1_250' title='bbox 1233 3492 1642 3579; x_wconf 87' lang='lat' dir='ltr'>negotiaque,</span> <span class='ocrx_word' id='word_1_251' title='bbox 1682 3514 1844 3576; x_wconf 88' lang='lat' dir='ltr'>quae</span> <span class='ocrx_word' id='word_1_252' title='bbox 1871 3492 2069 3558; x_wconf 89' lang='lat' dir='ltr'>habet</span> <span class='ocrx_word' id='word_1_253' title='bbox 2105 3492 2173 3555; x_wconf 91' lang='lat' dir='ltr'>in</span> <span class='ocrx_word' id='word_1_254' title='bbox 2209 3491 2387 3577; x_wconf 83' lang='lat' dir='ltr'>Asia,</span> 
     </span>
    </p>
   </div>
  </div>
 </body>
</html>
