2567 3884
1063 182 1281 235 LIBER
1315 182 1344 235 Ι
1381 188 1430 237 9.
2181 182 2266 246 19

230 325 491 410 bantur,
536 324 629 389 sic
672 324 743 389 in
784 324 1085 389 manibus
1128 324 1474 410 habebant,
1521 325 1612 389 sic
1656 325 1978 410 fovebant,
2026 325 2118 391 sic
2158 346 2266 389 me

232 415 571 497 praesente
626 413 1104 497 osculabantur,
1165 434 1298 477 non
1351 414 1450 476 illi
1505 413 1764 497 quidem
1811 417 1884 477 ut
1929 412 2092 477 mihi
2139 416 2266 477 sto-

232 502 538 566 machum
573 501 873 585 facerent,
920 520 1111 584 quem
1148 522 1270 587 ego
1308 500 1599 565 funditus
1633 501 1902 586 perdidi,
1949 501 2061 565 sed
2095 504 2266 565 certe

235 593 312 653 ut
356 590 565 653 facere
600 610 669 653 se
704 589 1187 653 arbitrarentur.
1276 588 1406 652 Hic
1441 610 1580 675 880,
1627 592 1938 673 quantum
1982 588 2266 653 humano

180 696 207 737 5
236 677 509 741 consilio
554 677 808 741 efficere
850 677 1053 761 potui,
1100 677 1576 761 circumspectis
1621 677 1813 741 rebus
1856 677 2018 740 meis
2065 676 2267 741 omni-

235 766 359 829 bus
394 765 882 848 rationibusque
918 764 1249 829 subductis
1286 787 1602 829 summam
1638 766 1761 829 feci
1798 764 2266 850 cogitationum

236 875 529 918 mearum
584 853 900 938 omnium3
956 874 1149 936 quam
1202 853 1353 938 tibi,
1413 853 1470 917 si
1513 857 1773 938 potere,
1834 852 2118 918 breviter
2161 874 2266 917 ex—

235 963 492 1026 ponam.

372 1029 518 1115 Ego
564 1027 619 1093 si
663 1029 745 1093 ab
792 1027 1107 1112 improbis
1152 1032 1217 1093 et
1263 1028 1534 1113 perditis
1581 1028 1830 1093 civibus
1874 1050 2011 1093 rem
2055 1027 2265 1112 publi

150 1139 211 1179 10
238 1138 381 1181 cam
416 1117 623 1181 teneri
657 1116 957 1202 viderem,
1002 1118 1168 1181 sicut
1204 1120 1270 1181 et
1309 1115 1568 1181 Cinneis
1601 1116 2002 1200 temporibus
2029 1116 2266 1181 scimus

237 1210 307 1270 81
350 1227 483 1270 11011
516 1205 712 1270 11111118
756 1205 901 1269 81118
945 1205 1271 1290 accidisse,
1318 1227 1450 1269 non
1493 1205 1688 1269 modo
1733 1205 2052 1289 praemiis,
2101 1226 2263 1287 quae

238 1293 412 1378 apud
472 1316 577 1358 me
637 1293 1009 1367 minimum
1040 1294 1278 1378 valent,
1345 1293 1457 1357 sed
1508 1314 1589 1357 ne
1642 1293 1946 1394 periculis
2006 1292 2266 1377 quidem

238 1382 607 1466 compulsus
651 1381 827 1466 ullis,
884 1381 1119 1464 quibus
1164 1345 1381 1445 tamen
1423 1386 1767 1445 moventur
1811 1381 2004 1445 etiam
2050 1380 2265 1445 fortis-

236 1470 388 1533 simi
450 1469 601 1555 viri,
666 1469 748 1532 ad
808 1490 1031 1533 eorum
1092 1490 1347 1533 causam
1404 1491 1508 1533 me
1567 1469 2008 1555 adiungerem,
2069 1490 2152 1533 ne
2207 1468 2264 1532 si

150 1578 211 1619 15
238 1579 493 1623 summa
536 1556 795 1642 quidem
840 1578 1062 1622 eorum
1106 1558 1175 1621 in
1218 1579 1322 1621 me
1357 1558 1588 1622 merita
1625 1560 2006 1622 constarent.
2100 1556 2263 1622 Cum

238 1650 457 1711 autem
501 1646 571 1710 in
615 1666 683 1710 re
728 1645 987 1729 publica
1034 1644 1145 1709 Cn.
1190 1645 1538 1729 Pompeius
1590 1646 1891 1747 princeps
1933 1647 2100 1709 esset
2144 1645 2262 1729 vir,

238 1736 295 1799 is
340 1734 456 1818 qui
498 1734 665 1798 118110
708 1733 1065 1817 potentiam
1109 1736 1175 1797 81
1217 1734 1494 1820 gloriam
1537 1734 1837 1799 maximis
1872 1734 1940 1797 in
1977 1754 2114 1797 rem
2149 1755 2264 1816 pu-

237 1823 477 1886 blicam
534 1822 783 1886 meritis
839 1822 1532 1905 praestantissimisque
1591 1822 1784 1887 rebus
1841 1821 2041 1908 gestis
2097 1824 2264 1885 esset

238 1914 641 1995 consecutus,
715 1909 1021 1994 cuiusque
1084 1931 1205 1995 ego
1284 1909 1618 1996 dignitatis
1681 1911 1762 1974 ab
1835 1908 2264 1973 adulescentia

148 2019 211 2059 20
238 1999 473 2084 fautor,
508 1999 578 2062 in
612 2002 915 2083 praetura
948 2001 1164 2062 autem
1200 2001 1264 2061 et
1299 1998 1369 2061 in
1406 1998 1740 2062 consulatu
1776 1998 2032 2062 adiutor
2067 1996 2263 2061 etiam

236 2086 620 2171 extitissem,
682 2107 953 2169 cumque
1008 2086 1179 2150 idem
1232 2086 1614 2151 auctoritate
1669 2090 1733 2149 et
1787 2084 2104 2149 sententia
2147 2106 2264 2168 per

236 2196 335 2260 se,
381 2138 664 2239 consiliis
718 2178 783 2238 81
838 2174 1069 2238 studiis
1112 2178 1327 2238 tecum
1379 2195 1484 2238 me
1529 2174 1876 2239 adiuvisset
1919 2194 2262 2257 meumque

235 2226 573 2327 inimicum
616 2285 817 2327 unum
862 2262 931 2325 in
977 2261 1235 2326 civitate
1270 2262 1594 2326 haberet
1575 2262 1926 2346 mimicum,
1971 2283 2105 2326 non
2147 2283 2263 2345 pu-

234 2352 373 2416 tavi
418 2352 655 2414 famam
698 2350 1163 2415 inconstantiae
1198 2350 1363 2414 mihi
1397 2350 1986 2435 pertimescendam,
2031 2349 2086 2413 si
2124 2348 2263 2433 qui-

150 2457 207 2499 25
236 2438 556 2503 busdam
538 2461 606 2502 111
632 2438 967 2503 881118111118
1000 2438 1290 2540 paullum
1333 2460 1438 2504 me
1473 2438 1890 2503 inmutassem
1925 2458 2262 2521 meamque

236 2527 639 2592 voluntatem
701 2527 782 2590 ad
845 2527 1079 2591 summi
1132 2526 1257 2591 viri
1315 2526 1392 2591 de
1445 2548 1676 2610 meque
1739 2527 1981 2611 optime
2044 2524 2263 2589 meriti

237 2615 623 2701 dignitatem
669 2616 1133 2701 adgregassem.

369 2701 449 2766 In
500 2702 623 2767 hac
674 2704 989 2767 sententia
1042 2702 1558 2786 complectendus
1611 2705 1749 2767 erat
1800 2701 1964 2765 mihi
2011 2698 2259 2786 Caesar,

232 2794 311 2855 ut
356 2791 551 2876 vides,
596 2791 665 2855 in
710 2792 1051 2855 coniuncta
1093 2795 1157 2855 et
1195 2812 1384 2854 causa
1419 2795 1484 2854 et
1522 2790 1852 2877 dignitate.
1936 2788 2064 2852 Hic
2097 2788 2262 2853 111111-

150 2898 205 2938 so
234 2883 381 2943 tum
426 2880 630 2945 valuit
676 2900 820 2943 cum
865 2882 1049 2943 vetus
1094 2878 1402 2962 amicitia,
1459 2900 1652 2964 quam
1705 2882 1780 2941 tu
1823 2899 1955 2942 non
2001 2877 2262 2961 ignoras

232 2967 401 3031 mihi
448 2971 512 3032 et
558 2966 798 3043 Quinto
844 2968 1031 3031 fratri
1076 2988 1222 3032 cum
1270 2965 1536 3031 Caesare
1582 2966 1808 3051 fuisse,
1854 2969 1995 3028 tum
2039 2964 2263 3029 huma-

231 3056 407 3119 nitas
466 3054 604 3120 eius
662 3076 735 3119 80
790 3054 1144 3119 liberalitas
1202 3054 1385 3118 brevi
1442 3058 1732 3139 tempore
1787 3056 1852 3117 et
1904 3052 2141 3117 litteris
2195 3056 2262 3117 et

233 3142 471 3209 officiis
513 3146 845 3228 perspecta
887 3142 1078 3208 nobis
1122 3146 1187 3208 et
1232 3142 1508 3228 cognita.
1600 3141 2030 3207 Vehementer
2065 3140 2261 3205 etiam

231 3254 337 3297 res
380 3232 523 3315 ipsa
564 3230 825 3315 publica
876 3253 981 3295 me
1024 3231 1257 3314 movit,
1315 3252 1478 3314 quae
1522 3230 1686 3294 mihi
1730 3229 2071 3294 videbatur
2116 3250 2262 3293 con-

150 3337 204 3379 35
230 3320 610 3405 tentionem,
654 3319 1031 3402 praesertim
1074 3319 1374 3383 maximis
1419 3318 1611 3383 rebus
1646 3341 1694 3381 ,a
1733 3316 1997 3381 Caesare
2043 3317 2261 3403 gestis,

231 3430 381 3473 cum
427 3408 559 3472 illis
603 3407 760 3471 viris
803 3407 977 3471 nolle
1019 3407 1162 3472 fieri
1208 3410 1290 3493 81,
1334 3428 1416 3470 118
1461 3406 1661 3492 fieret,
1711 3406 2121 3470 vehementer
2165 3427 2261 3470 re-

230 3518 471 3563 cusare.
532 3494 919 3561 Gravissime
964 3500 1179 3561 autem
1223 3516 1328 3559 me
1373 3496 1442 3559 in
1485 3495 1606 3559 hac
1648 3498 1864 3560 mente
1899 3494 2160 3578 impulit
2195 3497 2261 3558 81

1834 3598 1905 3653 2·

2305 1034 2368 1093 11

2302 2716 2365 2764 12
