2567 3884
943 201 1158 254 LIBER
1195 202 1247 255 X
1285 208 1370 271 34,
1411 206 1494 256 35.
2098 201 2225 267 301

1085 413 1349 479 XXXV.

429 533 542 589 Ser.
581 535 645 588 in
682 534 856 589 Ponte
893 535 1162 606 Aryenteo
1198 535 1313 588 III
1342 536 1416 590 K.
1456 536 1586 590 Iun.
1625 553 1676 590 a.
1718 539 1822 589 711
1865 538 1997 604 (43).

255 657 329 711 M.
367 657 670 710 LEPIDUS
707 657 853 711 IMP.
893 656 1078 711 ITER.
1115 655 1329 711 PONT.
1368 657 1544 713 MAX.
1586 657 1637 712 S.
1676 657 1742 712 D.
1778 657 1890 712 PR.
1930 657 2041 712 ΤΒ.
2080 657 2185 712 PL.

489 743 805 799 SENATUI
847 743 1131 798 POPULO
1169 743 1529 809 PLEBIQUE
1567 743 1946 799 ROMANAE.

151 889 178 929 5
340 869 402 934 S.
457 892 514 933 v.
569 870 886 953 liberique
940 869 1137 934 vestri
1184 892 1241 933 v.
1283 870 1345 933 b.
1384 892 1434 933 e.
1475 892 1525 934 e.
1566 892 1623 953 q.
1662 892 1717 934 v.
1809 870 1983 934 Deos
2027 870 2233 934 homi·
2273 887 2303 935 1

203 980 442 1042 nesque
486 961 715 1042 testor,
760 981 820 1041 p.
870 981 947 1043 c.,
1004 980 1130 1041 qua
1174 961 1389 1021 mente
1436 961 1500 1021 et
1546 980 1675 1041 quo
1722 959 1936 1022 animo
1984 975 2234 1042 semper

203 1047 273 1110 in
327 1069 464 1110 rem
516 1069 577 1130 p.
633 1047 867 1110 fuerim
924 1049 987 1110 et
1047 1067 1240 1129 quam
1303 1046 1469 1109 nihil
1524 1047 1852 1129 antiquius
1908 1046 2234 1110 communi

205 1134 409 1199 salute
469 1156 542 1197 ac
596 1135 898 1198 libertate
955 1134 1320 1218 iudicarim3
1382 1135 1555 1217 quod
1613 1135 1799 1198 vobis
1852 1135 2034 1198 brevi
2088 1156 2234 1218 pro-

204 1223 481 1307 bassem,
533 1223 661 1285 nisi
715 1222 878 1286 mihi
931 1223 1193 1286 fortuna
1245 1222 1581 1305 proprium
1638 1222 1978 1286 consilium
2025 1227 2234 1287 extor-

125 1331 178 1370 10
207 1311 407 1374 sisset.
497 1309 668 1374 Nam
715 1311 1032 1374 exercitus
1070 1313 1336 1374 cunctus
1374 1310 1901 1374 consuetudinem
1946 1333 2129 1374 suam
2164 1311 2234 1374 in

207 1399 452 1463 civibus
499 1398 948 1462 conservandis
993 1398 1445 1480 communique
1498 1420 1652 1481 pace
1708 1399 2020 1462 seditione
2066 1400 2237 1462 facta

205 1487 474 1551 retinuit
518 1508 748 1570 meque
783 1489 1000 1550 tantae
1044 1485 1482 1550 multitudinis
1519 1485 1757 1550 civium
1792 1486 2234 1551 Romanorum

206 1576 431 1638 salutis
485 1578 677 1658 atque
729 1574 1193 1638 incolumitatis
1248 1595 1503 1638 causam
1559 1575 1903 1659 suscipere,
1959 1579 2033 1639 ut
2086 1597 2234 1639 vere

208 1664 445 1747 dicam,
506 1663 733 1748 co'egit
825 1661 902 1726 In
963 1684 1089 1745 qua
1143 1684 1211 1725 re
1267 1684 1388 1747 ego
1443 1683 1585 1746 vost,
1642 1685 1709 1763 p.
1753 1685 1830 1748 c.,
1878 1684 1992 1727 oro
2040 1666 2233 1764 atque
2270 1680 2302 1727 2

125 1768 178 1809 15
208 1773 471 1834 opsecro
525 1755 600 1814 ut
651 1750 923 1834 privatis
977 1750 1439 1814 offensionibus
1494 1751 1747 1814 omissis
1802 1773 2085 1814 summae
2140 1751 2234 1815 rei

203 1862 264 1923 p.
313 1839 661 1903 consulatis
703 1860 863 1902 neve
908 1838 1414 1902 misericordiam
1458 1842 1746 1902 nostram
1791 1840 2234 1922 exercitusque

204 1928 462 1992 nostri
444 1950 512 1990 in
541 1927 716 1991 civili
746 1927 1137 1990 dissensione
1175 1926 1430 1990 sceleris
1465 1927 1607 1990 loco
1644 1927 1916 2010 ponatis
1992 1926 2235 2002 Quodsi

205 2017 432 2080 salutis
478 2015 767 2079 omnium
814 2036 886 2078 ac
933 2015 1267 2100 dignitatis
1312 2014 1629 2078 rationem
1673 2014 2059 2098 habueritis,
2105 2037 2234 2078 me-

203 2105 330 2168 lius
387 2107 451 2167 et
500 2103 686 2167 vobis
741 2107 805 2166 et
859 2103 952 2166 rei
1005 2126 1067 2186 p.
1122 2103 1485 2167 consuletis.
1576 2102 1654 2166 D.
1692 2121 1770 2166 111
1815 2102 1956 2166 Kal.
2004 2103 2149 2168 Iun.
2197 2125 2235 2167 a

127 2211 179 2249 20
206 2191 413 2256 Ponte
457 2191 804 2278 Argenteo·
