2567 3884
902 168 1120 223 LIBER
1154 169 1233 223 VI
1272 174 1499 224 14—18.
2092 168 2224 232 163

1124 382 1299 448 XVI.

549 504 664 561 Ser.
703 505 768 559 in
805 504 1006 559 Sicilia
1041 522 1124 559 ex.
1162 523 1231 559 m.
1273 505 1450 560 Mart.
1488 523 1540 561 a.
1582 507 1691 559 710
1732 506 1864 574 (44).

744 626 1188 682 BITHYNICUS
1226 626 1569 683 CICERONI
1605 627 1657 683 S.

310 751 386 817 Si
433 752 605 817 mihi
651 756 867 817 tecum
911 775 1045 818 non
1082 757 1148 818 et
1181 754 1425 818 multae
1464 757 1527 818 et
1565 754 1771 818 iustae
1808 774 2035 817 causae
2070 753 2227 817 ami-

131 857 153 896 5
179 842 365 905 citiae
426 840 744 925 privatim
803 845 1012 906 essent
1025 892 1044 926 ‚
1103 846 1461 925 repeterem
1518 841 1706 906 initia
1765 841 2085 905 amicitiae
2144 863 2225 905 ex

175 930 564 1013 parentibus
615 930 884 1031 nostris,
945 930 1119 1014 quod
1172 930 1537 995 faciendum
1591 930 1673 994 iis
1728 929 2053 1015 existim0‚
2110 930 2225 1013 qui

175 1022 522 1101 paternam
578 1017 929 1082 amicitiam
981 1018 1178 1083 nullis
1233 1018 1361 1103 ipsi
1407 1018 1639 1082 officiis
1684 1018 2009 1101 prosecuti
2053 1020 2222 1082 sunt.

173 1104 406 1191 Itaque
473 1109 814 1171 contentus
873 1128 982 1171 ero
1041 1110 1263 1171 nostra
1322 1107 1612 1190 ipsorum
1665 1106 1975 1192 amicitia3
2040 1106 2221 1171 cuius

174 1196 418 1260 fiducia.
474 1197 627 1278 peto
673 1216 712 1258 a
755 1198 846 1279 te,
902 1198 975 1258 ut
1031 1188 1362 1259 absentem
1406 1217 1535 1279 me,
1597 1194 2106 1278 quibuscumque
2150 1194 2221 1257 in

108 1298 152 1336 1⁰
176 1284 372 1349 rebus
433 1304 598 1367 opus
656 1283 878 1367 fuerit,
937 1286 1184 1368 tueare,
1249 1284 1305 1346 si
1367 1283 1620 1347 nullum
1684 1283 1971 1349 officium
2033 1286 2221 1347 tuum

177 1373 351 1457 apud
397 1393 508 1436 me
554 1370 1113 1435 intermoriturum
1161 1371 1505 1436 existimas.
1596 1370 1777 1436 Vale.

1097 1563 1304 1629 XVII.

553 1685 664 1741 Ser.
705 1688 770 1740 in
811 1686 980 1741 Latio
1016 1688 1151 1741 med.
1190 1704 1260 1740 m.
1298 1687 1439 1755 Apr.
1478 1703 1529 1740 a.
1572 1688 1682 1739 710
1721 1688 1851 1755 (44).

845 1808 1102 1864 CICERO
1141 1807 1559 1864 BITHYNICO.

111 1948 154 1987 1⁶
314 1935 486 2001 Cum
533 1938 889 2000 ceterarum
943 1957 1158 1999 rerum
1215 1956 1403 1999 causa
1449 1934 1638 2017 cupio
1686 1956 1819 1998 esse
1868 1933 2212 2018 aliquando
2254 1945 2281 1991 1

178 2046 316 2089 rem
373 2048 435 2108 p.
492 2024 909 2087 constitutam
962 2027 1105 2087 tum
1159 2023 1357 2087 velim
1408 2023 1572 2086 1111111
1628 2023 1845 2087 credas
1899 2023 2213 2108 accedere,

178 2112 246 2175 id
301 2113 504 2178 etiam
569 2133 697 2195 quo
744 2112 960 2212 magis
1006 2114 1329 2213 expetam,
1383 2111 1773 2212 promissum
1816 2114 2029 2195 tuum,
2083 2132 2213 2195 quo

177 2199 248 2263 in
289 2200 535 2265 litteris
593 2199 821 2286 uteris3
879 2199 1107 2263 scribis
1153 2200 1357 2283 enim,
1419 2199 1473 2262 si
1528 2200 1621 2264 ita
1674 2198 1790 2283 sit,
1843 2201 1908 2262 te
1962 2221 2214 2264 mecum

179 2310 316 2353 esse
374 2288 714 2353 victurum.
804 2251 1188 2352 Gratissima
1241 2287 1406 2351 mihi
1451 2291 1565 2351 tua
1608 2288 1907 2360 voluntas
1952 2291 2079 2373 est,
2124 2288 2215 2352 fa-
2252 2294 2283 2341 2

105 2388 153 2429 20
180 2378 402 2461 cisque
457 2374 624 2440 nihil
683 2375 964 2440 alienum
1023 2375 1492 2440 necessitudine
1549 2379 1773 2440 nostra
1833 2376 2215 2461 iudiciisque

177 2466 387 2549 patris
432 2464 533 2529 tui
569 2464 645 2527 de
681 2486 803 2549 me,
849 2464 1084 2529 summi
1119 2462 1260 2528 viri.
1342 2462 1515 2529 Nam
1552 2464 1645 2528 sic
1676 2464 1934 2550 habet0‚
1979 2465 2216 2529 benefi-

180 2554 432 2618 ciorum
485 2552 930 2639 magnitudine
978 2574 1112 2636 008,
1168 2552 1282 2636 qui
1334 2552 1738 2636 temporibus
1782 2554 1831 2636 †
1874 2553 2216 2617 valuerunt

179 2645 255 2706 ut
299 2641 574 2725 valeant,
620 2640 1091 2705 coniunctiores
1128 2644 1343 2705 tecum
1380 2662 1515 2704 esse
1552 2662 1746 2725 quam
1780 2663 1902 2725 me,
1946 2641 2215 2705 necessi-

177 2729 407 2794 tudine
469 2729 808 2793 neminem.
901 2727 1107 2805 Quam
1173 2729 1257 2793 ob
1322 2750 1459 2793 rem
1523 2732 1710 2815 grata
1771 2728 1935 2792 mihi
1994 2732 2089 2792 est
2150 2732 2213 2793 et

105 2828 154 2868 2⁵
177 2816 494 2883 memoria
547 2821 659 2881 tua
712 2821 969 2881 nostrae
1026 2815 1499 2881 coniunctionis
1555 2820 1620 2883 et
1675 2816 1811 2881 01118
1866 2816 2061 2881 etiam
2106 2838 2215 2881 au-

179 2906 428 2992 gendae
473 2905 789 2969 voluntas

1074 3026 1314 3093 XVIII.

607 3149 718 3205 Ser.
758 3150 966 3205 Romae
1001 3166 1082 3205 ex.
1120 3167 1190 3203 m.
1229 3150 1358 3204 Ian.
1397 3168 1448 3203 a.
1491 3152 1603 3204 709
1643 3151 1778 3216 (45).

891 3270 1146 3326 CICERO
1199 3270 1497 3326 LEPTAE.

108 3410 155 3450 ³0
316 3394 718 3481 Simulatque
778 3398 993 3481 accepi
1051 3420 1089 3461 a
1149 3397 1415 3462 Seleuco
1474 3400 1589 3461 tuo
1649 3395 1899 3462 litteras
1912 3448 1931 3482 ‚
1990 3397 2211 3462 statim
2251 3416 2279 3463 1

181 3484 469 3568 quaesivi
528 3508 562 3549 e
625 3485 832 3550 Balbo
893 3507 1012 3569 per
1068 3485 1397 3550 codicillos
1404 3537 1423 3570 ,
1488 3485 1645 3568 quid
1702 3489 1869 3550 esset
1926 3486 1996 3549 in
2047 3485 2207 3572 lege.

1776 3595 1802 3642 1
1816 3594 1841 3641 1
1858 3590 1883 3620 *
