2567 3884
834 187 1056 244 LIBER
1091 191 1195 244 XII
1234 197 1326 260 14,
1368 197 1451 244 15.
2039 188 2163 251 347

1090 403 1230 468 XV.

502 524 614 579 Ser.
653 525 864 595 Peryae
899 525 1048 578 IIII
1075 525 1221 578 Non.
1259 523 1390 579 Iwn.
1429 542 1479 579 a.
1522 528 1627 578 ‘711
1670 527 1806 591 (43).

149 649 208 705 P.
245 645 623 701 LENTULUS
660 646 720 701 P.
749 645 809 701 F.
845 645 1056 710 PROQ.
1095 645 1351 700 PROPR.
1394 645 1445 699 S.
1474 645 1541 699 D.
1582 643 1727 699 COS.
1766 644 1875 698 PR.
1914 642 2026 697 TR.
2065 640 2171 694 PL.

433 733 748 788 SENATUI
789 732 1072 787 POPULO
1110 732 1469 798 PLEBIQUE
1507 731 1886 787 ROMANAE.

101 873 129 915 5
285 859 346 924 S.
394 883 452 924 v.
497 859 539 923 l.
585 882 642 923 v.
689 881 746 922 v.
793 859 854 922 b.
903 881 952 922 e.
998 881 1055 922 v.
1150 857 1401 923 Scelere
1446 857 1821 922 Dolabellae
1873 875 2175 938 oppressa
2214 873 2239 920 1

150 949 304 1013 Asia
356 948 427 1011 in
479 947 842 1031 proximam
900 946 1299 1030 provinciam
1344 945 1787 1009 Macedoniam
1830 941 2173 1029 praesidia-

152 1059 273 1121 que
318 1036 412 1100 rei
456 1059 536 1119 p.,
583 1056 744 1118 quae
785 1033 874 1097 M.
921 1033 1178 1118 Brutus,
1223 1057 1282 1098 v.
1332 1055 1410 1118 6.,
1456 1034 1733 1117 tenebat,
1778 1055 1881 1096 me
1929 1028 2173 1094 contuli

152 1129 214 1188 et
266 1124 336 1186 id
390 1124 520 1208 egi,
575 1126 674 1207 ut,
727 1143 844 1206 per
898 1144 1057 1205 quos
1114 1121 1444 1185 celerrime
1487 1125 1775 1205 possent,
1828 1119 1987 1184 Asia
2028 1138 2175 1201 pro-

150 1211 358 1276 vincia
390 1210 856 1297 vectigaliaque
893 1211 960 1272 in
995 1212 1274 1273 vestram
1300 1213 1687 1292 potestatem
1715 1208 2172 1294 redigerentur.

71 1321 124 1359 10
153 1299 338 1375 Quod
401 1321 545 1362 cum
605 1298 1042 1381 pertimuisset
1104 1296 1445 1361 Dolabella
1506 1299 1757 1360 vastata
1825 1294 2173 1380 provincia,

153 1387 461 1470 correptis
506 1386 961 1474 vectigalibus,
1005 1385 1347 1469 praecipue
1395 1385 1642 1448 civibus
1688 1383 1997 1449 Romanis
2044 1403 2175 1446 om-

151 1476 342 1539 nibus
397 1474 831 1537 crudelissime
892 1473 1226 1537 denudatis
1273 1494 1347 1536 ac
1393 1473 1736 1536 divenditis
1784 1471 2176 1553 celeriusque

150 1563 308 1627 Asia
352 1561 738 1646 excessisset,
785 1583 977 1644 quam
1014 1583 1089 1624 60
1135 1561 1526 1645 praesidium
1574 1560 1800 1623 adduci
1844 1559 2177 1643 potuisset,

155 1651 395 1714 diutius
449 1649 687 1712 morari
733 1654 844 1712 aut
892 1653 1257 1733 exspectare
1310 1648 1702 1732 praesidium
1746 1669 1878 1710 non
1923 1666 2176 1710 necesse

73 1757 124 1797 15
150 1738 352 1802 habui
389 1741 453 1800 et
491 1759 682 1821 quam
717 1737 1000 1820 primum
1038 1737 1118 1800 ad
1152 1757 1369 1800 meum
1407 1736 1692 1800 officium
1730 1734 2178 1799 revertendum

151 1826 315 1890 mihi
360 1847 495 1888 esse
541 1824 921 1909 existimavi,
967 1828 1040 1888 ut
1086 1828 1150 1888 et
1194 1824 1444 1907 reliqua
1478 1823 1819 1908 vectigalia
1856 1822 2179 1906 exigerem

152 1919 240 1998 et,
297 1935 490 1997 quam
544 1912 834 1996 deposui,
891 1913 1228 1995 pecuniam
1284 1912 1679 1996 colligerem,
1737 1909 2042 1993 quicquid
2100 1929 2179 1970 ex

152 2024 226 2066 ea
285 2002 650 2083 correptum
706 2004 869 2064 esset
877 2051 894 2083 ,
960 2004 1071 2063 aut
1130 1995 1406 2082 quorum
1464 1998 1533 2061 id
1588 1998 1775 2080 culpa
1829 1996 2179 2078 accidisset,

152 2109 604 2174 cognoscerem
642 2109 833 2172 quam
868 2088 1152 2170 primum
1189 2091 1252 2150 et
1289 2108 1405 2151 vos
1452 2085 1528 2149 de
1578 2085 1753 2149 omni
1800 2107 1868 2148 re
1904 2085 2179 2147 facerem

69 2197 127 2234 ‘20
157 2177 478 2241 certiores.
1258 2231 1264 2245 Ι

289 2263 558 2326 Interim
605 2284 750 2326 cum
802 2284 919 2345 per
962 2262 1204 2326 insulas
1248 2259 1319 2325 in
1364 2261 1588 2325 Asiam
1640 2258 1975 2344 naviganti
2017 2257 2181 2321 mihi
2219 2277 2249 2323 2

154 2351 524 2414 nuntiatum
570 2355 733 2414 esset
779 2351 1044 2414 classem
1080 2349 1455 2414 Dolabellae
1499 2349 1570 2412 in
1605 2347 1803 2431 Lycia
1840 2369 1974 2411 6886
2010 2345 2183 2409 Rho-

157 2438 426 2522 diosque
479 2438 661 2501 navis
716 2438 1041 2521 conpluris
1094 2438 1441 2502 instructas
1487 2441 1552 2501 61
1603 2440 1859 2520 paratas
1904 2435 1973 2498 in
2019 2455 2184 2517 aqua

153 2526 420 2610 habere,
481 2547 625 2588 cum
670 2526 751 2589 iis
795 2526 1093 2610 navibus,
1141 2547 1298 2609 quas
1344 2529 1456 2588 aut
1499 2545 1750 2588 mecum
1796 2523 2184 2586 adduxeram

34 2673 35 2678 ,
68 2633 128 2674 25
157 2618 272 2678 aut
327 2617 804 2697 comparaverat
847 2612 1139 2676 Patiscus
1191 2635 1372 2697 proq.
1384 2663 1401 2697 ,
1454 2612 1650 2676 homo
1697 2611 1859 2674 mihi
1906 2631 2051 2673 cum
2097 2609 2186 2671 fa-

155 2701 534 2766 miliaritate
570 2705 710 2764 tum
748 2701 941 2764 etiam
979 2701 1272 2764 sensibus
1309 2701 1378 2763 in
1415 2721 1483 2763 re
1518 2722 1579 2783 p.
1610 2697 2186 2778 coniunctissimus,

154 2789 463 2853 Rhodum
511 2789 752 2852 deverti
799 2789 1074 2852 confisus
1121 2787 1503 2852 auctoritate
1548 2790 1760 2851 vestra
1805 2788 2187 2866 senatusque

158 2878 481 2960 consulto,
539 2897 666 2960 quo
719 2875 974 2939 hostem
1019 2875 1425 2940 Dolabellam
1480 2873 1873 2957 iudicaratis,
1933 2870 2187 2935 foedere

159 2987 442 3049 quoque,
500 2964 674 3048 quod
718 2985 863 3028 cum
908 2963 990 3027 iis
1033 2962 1118 3026 M.
1165 2963 1471 3026 Marcello
1481 3013 1499 3046 ,
1548 2961 1679 3026 Ser.
1728 2959 2014 3043 Sulpicio
2073 2978 2187 3022 cos.

69 3073 129 3112 30
157 3057 542 3116 renovatum
587 3055 748 3136 erat,
797 3073 924 3134 quo
972 3051 1339 3114 iuraverant
1384 3049 1624 3113 Rhodii
1670 3049 1927 3112 eosdem
1970 3046 2191 3109 hostes

157 3162 227 3206 se
287 3141 624 3204 habituros
701 3161 862 3223 quos
931 3143 1187 3202 senatus
1253 3138 1658 3222 populusque
1717 3135 1793 3199 R.
1856 3133 2029 3210 Quae
2090 3155 2191 3196 res
2295 3188 2297 3190 ,

155 3249 280 3292 1108
315 3228 726 3294 vehementer
769 3227 1028 3311 fefellit3
1073 3229 1329 3290 tantum
1367 3225 1537 3289 enim
1585 3224 1765 3307 afuit,
1811 3227 1885 3286 ut
1930 3222 2193 3285 illorum

155 3317 480 3400 praesidio
515 3319 804 3380 nostram
840 3317 1241 3378 firmaremus
1278 3315 1561 3397 classem,
1606 3315 1680 3376 ut
1717 3310 1911 3374 etiam
1950 3333 1987 3374 a
2021 3308 2195 3373 Rho-

160 3405 288 3466 diis
334 3405 510 3488 urbe,
555 3409 766 3489 portu,
814 3403 1108 3486 statione,
1156 3423 1319 3484 quae
1366 3405 1548 3464 extra
1591 3399 1819 3464 urbem
1867 3402 1979 3483 est,
2028 3419 2195 3461 com-

70 3507 130 3549 35
158 3496 411 3576 meatu,
458 3513 622 3575 aqua
667 3492 942 3574 denique
986 3489 1486 3573 prohiberentur
1529 3487 1737 3552 nostri
1773 3487 2031 3571 milites,
2076 3508 2195 3550 nos
