2567 3884
280 3214 306 3261 1

355 155 488 218 436
1108 152 1623 207 EPISTULARUM

1278 365 1454 431 XVI.

708 488 821 544 Ser.
861 488 1141 543 Brumdisi
1168 504 1257 557 pr.
1299 486 1446 542 Non.
1485 487 1613 541 Ian.
1651 504 1704 541 a.
1744 489 1856 541 707
1896 489 2033 555 (47).

778 610 1081 664 TULLIUS
1119 609 1538 663 TERENTIAE
1579 607 1763 662 SUAE
1803 608 1855 663 S.
1892 608 1956 662 D.

487 736 548 802 S.
587 760 644 800 v.
683 738 743 801 b.
784 758 835 800 e.
873 759 930 800 v.
1021 735 1168 799 Etsi
1213 735 1351 799 eius
1395 734 1574 799 modi
1617 738 1912 817 tempora
1954 738 2194 799 nostra
2239 740 2416 821 sunt,

350 829 425 889 ut
469 825 636 888 nihil
680 825 979 909 habeam,
1041 823 1216 907 quod
1260 826 1371 886 aut
1417 845 1455 885 a
1498 825 1564 885 te
1609 822 1971 885 litterarum
2019 829 2414 907 exspectem
2455 841 2471 879 ⁵

351 916 464 977 aut
507 914 644 997 ipse
683 914 765 976 ad
799 916 865 976 te
902 912 1196 994 scribam,
1241 914 1457 974 tamen
1494 910 1708 975 neseio
1747 931 1876 993 quo
1911 910 2110 974 modo
2152 915 2232 976 et
2274 913 2414 998 ipse

351 1006 596 1103 vestras
639 1001 890 1065 litteras
936 1003 1235 1083 exspecto
1283 1002 1348 1063 et
1393 999 1605 1062 scribo
1652 998 1733 1061 ad
1777 1019 1918 1081 vos,
1963 1019 2117 1061 oum
2163 999 2415 1085 habe0‚

354 1112 465 1174 qm
485 1091 838 1241 Vfillautinnia
892 1174 1115 1238 debuit
1160 1174 1228 1237 in
1272 1178 1339 1237 te
1385 1174 1736 1238 officiosior
1780 1195 1944 1258 esse,
2000 1196 2214 1258 quam
2267 1179 2414 1261 fuit,

352 1269 418 1329 et
472 1265 540 1329 id
594 1266 809 1349 ipsum
818 1314 836 1346 ‚
891 1262 1066 1347 quod
1118 1262 1298 1346 feeit,
1354 1262 1572 1346 potuit
1627 1262 2000 1347 diligentius
2053 1263 2296 1329 faeere
2355 1271 2414 1330 et
2435 1285 2467 1321 1⁶³

353 1354 617 1417 cautius.
710 1351 1111 1434 Quamquam
1170 1350 1300 1413 alia
1355 1354 1536 1434 sunt,
1600 1372 1762 1433 quae
1820 1350 2030 1434 magis
2092 1372 2414 1419 curemus

348 1442 685 1593 ffissffiue
734 1439 1086 1591 ἶὶ-’Ῑῗέῒᾟῗ
1124 1460 1296 1590 32¹2?
1314 1438 2143 1591 sssffiffissffissssnff
2192 1441 2274 1595 13
2307 1465 2413 1506 π’

352 1621 427 1682 ut
471 1550 852 1681 valeaqur.
898 1614 1066 1680 Non.
1112 1613 1245 1677 Ian.
2091 1578 2106 1591 ⁸
2279 1553 2413 1613 um,
2514 1592 2516 1635 Ξ

1263 1788 1472 1854 XVII.

633 1911 747 1969 Ser.
785 1912 1065 1967 vandisi
1099 1929 1151 1965 a.
1192 1914 1305 1965 ⁷06
1352 1913 1474 1978 (48)
1512 1912 1638 1965 cire.
1680 1910 1818 1963 XII
1854 1910 1927 1964 K.
1964 1910 2100 1965 Ian.

778 2033 1082 2088 TULLIUS
1118 2032 1536 2087 TERENTIAE
1575 2032 1761 2086 SUAE
1801 2032 1853 2086 S.
1892 2032 1959 2087 D.

486 2161 547 2227 S.
593 2184 650 2225 v.
697 2160 758 2224 b.
806 2182 856 2223 e.
902 2182 961 2223 v.
1022 2158 1092 2223 Si
1130 2158 1288 2242 quid
1329 2158 1652 2241 haberem,
1700 2157 1872 2241 quod
1908 2157 1990 2221 ad
2033 2162 2103 2221 te
2157 2164 2414 2227 scribe-

351 2271 514 2333 rem,
560 2250 834 2312 faeerem
880 2248 948 2309 id
992 2251 1057 2311 et
1100 2246 1397 2330 pluribus
1442 2246 1656 2309 verbis
1702 2250 1766 2309 et
1811 2246 2080 2329 saepius
2185 2247 2416 2333 Nunc,

354 2359 515 2421 quae
561 2336 691 2399 sint
735 2335 1011 2420 negotia,
1058 2335 1261 2419 vides3
1309 2355 1430 2423 ego
1467 2338 1681 2398 autem
1720 2356 1847 2418 quo
1884 2333 2078 2397 modo
2124 2336 2270 2401 sim
2313 2340 2418 2403 ad-
2439 2357 2470 2394 ἑο

348 2426 580 2508 fectus,
640 2446 719 2487 ex
763 2422 968 2505 Lepta
1021 2425 1086 2485 et
1140 2421 1444 2485 Trebatio
1498 2422 1741 2505 poteris
1788 2443 2203 2508 cognoscere.
2317 2428 2416 2490 Tu

348 2514 467 2597 fae,
513 2515 586 2575 ut
630 2515 809 2575 tuam
855 2513 920 2573 et
965 2508 1213 2574 Tulliae
1259 2509 1692 2575 valetudinem
1739 2531 1938 2575 eures.
2022 2508 2218 2575 Vale.

1243 2718 1483 2785 XVIII.

736 2840 849 2896 Sor.
890 2839 1135 2896 Formiis
1169 2842 1272 2895 IX
1305 2841 1378 2895 K.
1420 2841 1580 2897 Febr.
1619 2860 1671 2896 a.
1712 2843 1823 2896 ⁷05
1861 2845 1998 2909 (49).

400 2962 703 3018 TULLIUS
741 2962 1159 3017 TERENTIAE
1207 2962 1392 3017 SUAE
1430 2963 1524 3017 ET
1561 2962 1803 3017 PATER
1840 2963 2360 3021 SUAVISSIMAE
2433 2986 2467 3025 2<

576 3050 847 3119 FILIAE,
887 3050 1143 3105 CICERO
1182 3050 1419 3104 MATRI
1453 3051 1548 3103 ET
1587 3050 1853 3105 SORORI
1890 3050 1941 3105 S.
1980 3050 2048 3105 D.
2087 3051 2154 3106 P.

483 3194 1032 3258 Considerandum
1097 3194 1285 3257 vobis
1345 3194 1541 3257 etiam
1600 3197 1791 3277 atque
1849 3194 2072 3278 etiam,
2137 3196 2408 3261 animae

345 3304 541 3367 meae,
590 3283 934 3368 diligenter
976 3285 1164 3365 puto,
1213 3280 1372 3363 quid
1417 3282 1666 3345 faciatis
1675 3333 1692 3365 ,
1737 3281 2064 3345 Romaene
2111 3284 2274 3347 sitis
2327 3308 2406 3347 an

347 3393 600 3436 meeum
664 3394 747 3433 an
811 3370 1027 3453 aliquo
1091 3372 1237 3432 tuto
1303 3368 1482 3453 10003
1555 3368 1624 3433 id
1685 3390 1816 3433 non
1890 3370 2102 3433 solum
2171 3394 2406 3436 meum

350 3460 691 3523 consilium
754 3461 879 3541 est,
945 3457 1056 3519 sed
1115 3456 1310 3519 etiam
1369 3459 1670 3520 vestrum.
1761 3456 1925 3521 Mihi
1984 3457 2274 3523 veniunt
2339 3462 2406 3522 in
2431 3474 2468 3513 ω
