2567 3884
883 188 1102 241 LIBER,
1133 188 1263 243 XVI
1299 193 1526 244 25—27.
2075 186 2208 250 489

210 330 490 395 videlicet
543 334 608 395 et
661 329 1137 415 properatione,
1190 352 1265 395 ea
1318 333 1393 394 tu
1447 330 1582 394 sine
1628 329 2091 415 adsentatione,
2137 333 2210 394 ut

212 424 400 504 erant,
447 418 527 482 ad
570 440 674 483 me
720 419 1058 504 scripsisti,
1117 422 1182 483 et
1225 419 1504 483 maxime
1550 419 1626 483 de
1673 441 1796 483 cos.
1845 419 2210 505 designatis,

210 529 355 591 quos
409 528 528 593 ego
583 506 839 591 penitus
883 507 1037 571 novi
1089 506 1436 607 libidinum
1483 511 1546 570 et
1598 507 1928 594 languoris
1975 507 2210 571 effemi-

207 595 508 659 natissimi
563 596 761 659 animi
817 595 1057 679 plenos
1158 594 1283 671 Qui
1336 594 1462 659 nisi
1518 618 1556 659 a
1611 595 2061 682 gubernaculis
2116 616 2210 658 re-

155 701 183 740 5
208 684 523 767 cesserint,
575 683 929 749 maximum
982 684 1063 747 ab
1118 683 1418 748 universo
1471 684 1809 770 naufragio
1853 683 2210 768 periculum

205 774 309 835 est.
392 734 867 856 Inc'redibilest,
923 792 1085 855 quae
1139 792 1260 858 ego
1315 771 1464 836 illos
1509 772 1640 836 scio
1698 771 2010 856 oppositis
2067 770 2211 835 Gal-

203 859 402 923 lorum
458 860 682 923 castris
735 859 805 923 in
858 859 1116 925 aestivis
1169 859 1422 945 fecisse,
1477 880 1638 943 quos
1682 859 1792 923 ille
1836 860 2033 945 latro,
2085 859 2210 923 nisi

204 947 438 1031 aliquid
480 947 730 1012 firmius
776 948 989 1031 fuerit,
1035 948 1338 1011 societate
1374 947 1682 1013 vitiorum
1721 948 2010 1013 deleniet.
2082 946 2210 1010 Res

51 1104 55 1111 ‚
203 1039 293 1099 est
328 1038 439 1100 aut
472 1035 836 1099 tribuniciis
873 1040 984 1099 aut
1019 1036 1290 1119 privatis
1326 1036 1611 1101 consiliis
1645 1036 2016 1121 munienda3
2060 1058 2210 1099 nam

120 1123 306 1187 misti
350 1123 478 1187 duo
511 1124 625 1188 vix
668 1127 817 1187 sunt
864 1124 1060 1210 digni,
1108 1124 1343 1207 quibus
1388 1124 1575 1188 alteri
1618 1122 1979 1209 Caesenam,
2025 1124 2211 1188 alteri

204 1210 718 1276 Cossutianarum
762 1212 1173 1277 tabernarum
1218 1212 1634 1276 fundamenta
1679 1211 1911 1277 credas.
1984 1211 2093 1296 Te,
2139 1215 2212 1275 ut

50 1363 72 1377 ..
201 1299 347 1383 dixi,
391 1299 528 1363 fero
574 1301 643 1363 in
688 1300 907 1364 oculis.
996 1300 1140 1386 Ego
1177 1321 1294 1364 vos
1330 1323 1382 1364 a.
1422 1300 1479 1364 d.
1524 1318 1604 1363 111
1638 1299 1717 1365 K.
1762 1301 1995 1365 videbo
2040 1304 2211 1364 tuos-

47 1410 75 1469 ς
201 1409 319 1471 que
364 1387 608 1472 oculos,
663 1388 914 1452 etiamsi
968 1392 1033 1453 te
1079 1389 1340 1453 veniens
1393 1388 1462 1452 in
1516 1388 1727 1453 medio
1782 1390 1925 1454 foro
1971 1388 2212 1472 videm,

198 1476 603 1539 dissaviabor.
692 1474 799 1540 Me
843 1498 1004 1540 ama.
1092 1476 1272 1540 Vale.
