2567 3884
843 1067 1061 1123 LIBER
1097 1066 1569 1124 DUODECIMUS

464 1194 601 1259 AD
651 1194 719 1260 C.
769 1192 1225 1259 CASSIUM
1278 1193 1407 1259 ET
1463 1190 1960 1258 CETEROS.

1178 1367 1228 1433 I.

473 1489 589 1546 Ser.
628 1493 693 1546 in
729 1490 1066 1559 Pompeiano
1112 1489 1167 1544 V
1195 1489 1345 1545 Now.
1384 1489 1531 1544 Mai.
1568 1507 1623 1544 α.
1663 1493 1773 1544 710
1812 1491 1950 1558 (44).

135 1637 164 1676 5
898 1610 1153 1668 CICERO
1193 1611 1439 1667 CASSIO
1479 1611 1533 1666 S.

325 1738 551 1803 Finem
606 1738 852 1802 nullam
907 1739 1074 1805 facio
1082 1788 1100 1822 ,
1160 1738 1325 1802 mihi
1380 1738 1589 1823 crede,
1653 1736 1832 1802 Cassi
1840 1789 1858 1822 ‚
1920 1738 1998 1802 de
2053 1741 2117 1802 te
2164 1741 2231 1801 et
2270 1755 2291 1803 1

191 1827 398 1891 Bruto
457 1831 713 1911 nostro,
773 1827 842 1889 id
895 1830 991 1890 est
1051 1826 1127 1890 de
1181 1830 1322 1890 tota
1375 1848 1444 1889 re
1489 1849 1570 1910 p.‚
1630 1826 1989 1912 cogitandi,
2049 1825 2231 1889 cuius

195 1915 404 1979 omnis
449 1936 592 1999 spes
638 1915 707 1978 in
743 1914 929 1979 vobis
976 1918 1072 1978 est
1119 1917 1183 1977 et
1227 1914 1299 1977 in
1342 1913 1420 1977 D.
1457 1913 1691 1998 Bruto3
1738 1935 1931 1997 quam
1970 1914 2231 1997 quidem

194 2003 325 2067 iam
368 2003 578 2067 habeo
633 2003 770 2087 ipse
815 2003 1166 2066 meliorem·
1197 2023 1265 2065 re
1311 2001 1571 2085 publica
1616 2023 1655 2064 a
1699 2000 2040 2065 Dolabella
2084 2022 2231 2064 meo

30 2127 34 2132 ·
111 2112 166 2151 10
195 2091 701 2174 praeclarissime
755 2094 952 2177 gesta.
1043 2089 1352 2153 Manabat
1406 2090 1578 2153 enim
1632 2088 1797 2153 illud
1839 2089 2083 2153 malum
2129 2111 2233 2152 ur-

196 2179 437 2243 banum
491 2183 556 2243 et
611 2179 703 2242 ita
749 2178 1293 2243 corroborabatur
1336 2177 1602 2261 cotidie,
1661 2181 1737 2241 ut
1791 2198 1913 2263 ego
1971 2177 2232 2261 quidem

198 2270 263 2330 et
309 2266 458 2329 urbi
505 2270 569 2330 et
616 2267 750 2330 otio
799 2267 1159 2330 diffiderem
1209 2265 1477 2350 urbano,
1523 2265 1636 2329 sed
1681 2265 1772 2329 ita
1820 2286 2233 2348 conpressum

185 2357 326 2438 est,
386 2358 460 2418 ut
511 2353 675 2418 mihi
728 2355 1061 2418 videamur
1116 2375 1306 2418 omne
1359 2354 1489 2416 iam
1545 2352 1627 2416 ad
1677 2356 1933 2438 tempus
1988 2354 2070 2417 ab
2116 2353 2233 2417 illo

200 2443 536 2506 dumtaxat
595 2442 1036 2506 sordidissimo
1095 2441 1383 2525 periculo
1442 2441 1573 2505 tuti
1631 2442 1852 2504 futuri.
1957 2440 2235 2524 Reliqua

113 2549 170 2589 15
198 2552 436 2615 magna
463 2532 614 2592 sunt
641 2551 714 2593 ac
739 2531 964 2614 multa,
1001 2530 1113 2594 sed.
1147 2529 1361 2614 posita
1390 2529 1605 2594 omnia
1642 2530 1710 2593 in
1738 2529 1940 2593 vobis.
2004 2529 2236 2606 Quam-

199 2640 395 2703 quam
457 2617 740 2701 primum
801 2619 1075 2703 quicque
1135 2619 1543 2702 explicemus,
1633 2616 1831 2701 Nam,
1895 2620 1969 2680 ut
2028 2617 2237 2679 adhuc

199 2706 462 2791 quidem
508 2709 723 2769 actum
769 2710 890 2790 est,
944 2728 1077 2770 non
1122 2727 1351 2792 regn0,
1406 2706 1519 2769 sed
1563 2727 1714 2791 rege
1757 2704 2021 2768 liberati
2065 2704 2238 2767 vide-

149 2872 152 2876 ,
198 2817 372 2878 mur3
419 2794 760 2857 interfecto
797 2795 970 2858 enim
1016 2815 1167 2879 rege
1212 2794 1428 2879 regios
1466 2793 1675 2857 omnis
1719 2796 1915 2856 nutus
1960 2796 2238 2875 tuemur,

197 2903 407 2966 neque
453 2903 606 2945 vero
653 2880 722 2945 id
767 2882 1003 2966 solum,
1058 2882 1171 2946 sed
1216 2882 1429 2966 etiam,
1478 2902 1639 2964 quae
1686 2881 1822 2963 ipse
1870 2879 1998 2964 ille,
2044 2880 2099 2943 si
2146 2879 2239 2943 vi-

113 2989 171 3028 20
200 2972 408 3053 veret,
461 2991 594 3033 non
639 2970 904 3053 faceret,
960 2992 1033 3034 ea
1077 2991 1196 3033 nos
1244 2970 1427 3054 quasi
1474 2969 1759 3054 cogitata
1803 2968 1884 3031 ab
1932 2968 2047 3031 illo
2093 2989 2240 3050 pro-

199 3058 446 3121 bamus,
536 3056 676 3122 Nec
740 3058 877 3121 eius
943 3058 1202 3142 quidem
1257 3058 1352 3122 rei
1406 3058 1603 3121 finem
1656 3055 1862 3120 video,
1954 3055 2239 3119 Tabulae

199 3147 509 3231 figuntur,
548 3146 988 3211 immunitates
1028 3146 1278 3230 dantur,
1322 3145 1629 3228 pecuniae
1665 3144 1985 3208 maximae
2022 3143 2241 3208 discri-

200 3233 472 3317 buntur,
529 3234 745 3298 exules
801 3234 1196 3298 reducuntur
1209 3285 1227 3317 ,
1286 3237 1545 3297 senatus
1591 3233 1883 3296 consulta
1928 3232 2091 3296 falsa
2139 3231 2241 3294 de-

200 3322 515 3405 feruntur,
560 3326 634 3386 ut
668 3326 925 3386 tantum
960 3322 1156 3386 modo
1196 3321 1416 3385 odium
1462 3320 1626 3384 illud.
1670 3319 1953 3384 hominis
1999 3319 2241 3404 impuri

117 3426 174 3467 25
203 3413 267 3472 et
313 3409 643 3474 servitutis
691 3410 877 3474 dolor
923 3409 1224 3494 depulsus
1262 3430 1397 3472 esse
1434 3409 1745 3493 videatur,
1792 3429 1894 3473 res
1938 3432 1998 3494 p.
2039 3409 2243 3473 iaceat

202 3497 272 3560 in
316 3497 397 3560 iis
441 3498 1060 3582 perturbationibus,
1106 3498 1175 3561 in
1223 3519 1381 3581 quas
1428 3518 1568 3561 eam
1613 3496 1723 3560 ille
1772 3496 2061 3564 coniecit.
