2567 3884
395 176 530 241 334
843 236 850 242 ,
1148 176 1667 232 EPISTULARUM

1346 388 1463 456 111.

547 511 661 567 Sor.
700 512 910 567 Romae
944 513 1090 568 inter
1137 512 1227 567 VI
1253 518 1305 567 et
1341 512 1493 582 prid.
1533 511 1681 566 Non.
1724 509 1838 566 Oct.
1876 527 1931 566 a.
1970 513 2081 565 710
2119 513 2261 578 (44).

1081 633 1338 688 CICERO
1379 633 1625 689 CASSIO
1670 633 1721 689 S.

322 776 350 825 1
524 757 744 845 Auget
800 762 952 824 tuus
1011 759 1253 824 amicus
1313 759 1598 824 furorem
1652 759 1722 822 in
1779 757 1929 823 dies.
2020 757 2324 823 Primum
2372 760 2442 822 in

391 851 631 932 statua,
686 869 882 931 quam
934 848 1152 932 posuit
1206 848 1275 911 in
1332 847 1586 930 rostris,
1645 847 1975 930 inscripsit
2030 847 2439 910 εΡΑΒΕΝΤῙ
2486 865 2504 903 ⁵

392 953 702 1001 OPTIME
748 936 1127 1019 MERITO',
1173 939 1248 999 ut
1273 957 1407 998 non
1431 936 1627 999 modo
1656 934 1889 1020 sicarii,
1936 935 2049 999 sed
2073 935 2205 1000 iam
2235 934 2441 999 etiam

389 1023 748 1108 parricidae
793 1023 1192 1108 indicemini,
1249 1024 1408 1108 quid
1463 1023 1605 1087 dico
1665 1023 2103 1088 ‘indicemini'
2113 1023 2147 1086 ⁶?
2194 1022 2441 1087 iudice-

390 1134 540 1176 mur
581 1112 832 1196 potius3
877 1112 1078 1176 vestri
1124 1111 1296 1176 enim
1341 1111 1763 1195 pulcherrimi
1807 1111 1965 1175 facti
2000 1111 2111 1176 ille
2146 1111 2440 1176 furiosus

391 1222 496 1264 me
550 1200 909 1283 principem
966 1199 1123 1264 dicit
1181 1200 1397 1264 fuisse.
1487 1198 1759 1265 Utinam
1816 1199 2077 1284 quidem
2135 1199 2439 1264 fuissem!

391 1287 702 1352 molestus
745 1287 936 1352 nobis
979 1309 1112 1351 non
1157 1291 1339 1352 esset.
1432 1286 1560 1352 Sed
1602 1287 1729 1352 hoc
1763 1292 2049 1352 vestrum
2084 1290 2211 1372 est3
2259 1288 2501 1371 quodm

393 1374 700 1459 quoniam
743 1376 1094 1460 praeteriit,
1139 1376 1390 1440 utinam
1425 1375 1749 1460 haberem,
1796 1376 1953 1459 quid
1987 1375 2174 1440 vobis
2213 1375 2439 1440 darem

393 1463 676 1527 consilii!
723 1463 836 1527 sed
878 1485 960 1527 ne
1004 1463 1170 1527 mihi
1208 1464 1469 1547 quidem
1516 1464 1642 1548 ipsi
1687 1465 1939 1547 reperio
1986 1462 2144 1547 quid
2188 1463 2442 1528 faciun-

395 1551 549 1615 dum
595 1551 696 1616 sit.
789 1550 960 1628 Quid
997 1552 1169 1616 enim
1206 1555 1322 1637 est,
1369 1552 1544 1636 quod
1580 1555 1805 1616 contra
1838 1552 1973 1616 vim
2009 1551 2146 1615 sine
2184 1552 2255 1615 vi
2292 1553 2441 1616 fieri

323 1657 356 1704 2
395 1639 645 1724 possit?
737 1638 1096 1706 Consilium
1156 1661 1345 1705 omne
1404 1644 1619 1704 autem
1671 1639 1798 1704 hoc
1852 1644 1948 1704 est
2005 1639 2305 1724 illorum,
2370 1645 2442 1704 ut

394 1731 672 1792 mortem
729 1726 1016 1807 Caesaris
1070 1733 1553 1813 persequantur.
1651 1726 1880 1812 Itaque
1935 1731 2083 1791 ante
2139 1727 2323 1792 diem
2372 1746 2442 1791 vl
2466 1747 2500 1784 15

391 1815 563 1880 Non.
603 1815 738 1880 Oct.
792 1817 1144 1900 productus
1196 1817 1267 1880 in
1322 1817 1689 1880 contionem
1744 1838 1783 1880 a
1830 1814 2150 1880 Cannutio
2197 1818 2443 1900 turpis—

394 1904 556 1968 sime
601 1904 712 1968 ille
758 1904 1019 1988 quidem
1067 1904 1374 1990 discessit,
1418 1905 1531 1968 sed
1573 1907 1791 1968 tamen
1836 1925 1912 1968 ea
1957 1903 2122 1968 dixit
2168 1903 2253 1968 de
2291 1926 2445 1969 con-
2532 1939 2534 1948 ·

395 1992 833 2057 servatoribus
869 1993 1134 2078 patriae,
1172 2015 1335 2076 quae
1364 1993 1490 2056 dici
1519 1993 1827 2056 deberent
1854 1992 1931 2056 de
1958 1991 2447 2077 proditoribus,

397 2080 474 2144 de
532 2102 638 2145 me
698 2080 958 2163 quidem
1016 2102 1149 2144 non
1209 2080 1607 2164 dubitanter,
1666 2080 1824 2164 quin
1880 2080 2095 2144 omnia
2151 2080 2235 2144 de
2291 2103 2447 2146 meo

396 2168 666 2232 consilio
713 2173 777 2233 et
822 2191 938 2233 vos
983 2169 1297 2233 fecissetis
1342 2173 1407 2233 et
1453 2168 1809 2233 Cannutius
1854 2169 2107 2233 faceret.
2204 2166 2450 2234 Cetera
2471 2189 2505 2225 ευ

396 2256 578 2319 cuius
622 2256 802 2320 modi
847 2257 995 2340 sint,
1041 2278 1121 2321 ex
1164 2257 1292 2321 hoc
1336 2257 1573 2341 iudica,
1622 2257 1796 2341 quod
1837 2256 2054 2342 legato
2090 2260 2211 2320 tuo
2251 2258 2451 2322 viati-

396 2365 543 2407 cum
589 2343 980 2426 eripuerunt.
1032 2344 1203 2421 Quid
1248 2366 1358 2409 eos
1403 2345 1816 2429 interpretari
1859 2349 2066 2429 putaS,
2112 2365 2271 2408 cum
2318 2346 2453 2410 hoc

395 2431 686 2496 faciunt?
741 2432 823 2495 ad
873 2431 1129 2496 hostem
1184 2433 1429 2498 scilicet
1472 2433 1735 2518 portari.
1819 2431 1872 2497 Ο
1919 2455 2055 2497 10111
2098 2432 2451 2498 miseram!

397 2520 730 2584 dominum
775 2520 944 2584 ferre
988 2541 1122 2584 non
1165 2521 1514 2606 potuimUS,
1566 2542 1873 2585 conservo
1919 2519 2259 2584 servimus,
2364 2523 2454 2586 Et

394 2612 611 2672 tamen
654 2630 760 2672 me
798 2608 1061 2693 quidem
1106 2608 1362 2673 favente
1406 2610 1615 2695 magis
1653 2631 1846 2692 quam
1891 2611 2188 2692 sperante
2242 2611 2453 2675 etiam
2473 2627 2505 2665 2⁵

394 2717 566 2760 nunc
611 2696 848 2760 residet
893 2719 1039 2780 spes
1086 2697 1154 2760 in
1191 2697 1433 2762 virtute
1468 2701 1596 2761 tua.
1663 2695 1791 2761 Sed
1826 2696 1940 2760 ubi
1976 2698 2127 2761 sunt
2166 2700 2453 2783 copiae?

394 2783 494 2849 De
547 2784 797 2868 reliquo
851 2785 1025 2850 malo
1080 2789 1147 2849 te
1202 2785 1415 2870 ipsum
1468 2789 1683 2850 tecum
1735 2785 1917 2869 loqui
1971 2805 2168 2869 quam
2215 2792 2457 2852 nostra

397 2873 568 2937 dicta
605 2894 970 2959 cognosere.
1041 2872 1221 2937 Vale.

1361 3028 1475 3096 IV.

868 3151 983 3209 Sor.
1021 3152 1231 3208 Romae
1267 3150 1344 3206 K.
1386 3151 1548 3207 Febr.
1586 3170 1639 3206 a.
1680 3155 1783 3206 711
1825 3153 1963 3219 (43).
2477 3171 2509 3212 ,ο

1092 3273 1350 3329 CICERO
1390 3272 1636 3329 CASSIO
1684 3273 1735 3328 S.

328 3415 354 3462 1
533 3397 789 3463 Vellem
849 3397 1076 3466 Idibus
1145 3399 1403 3464 Martiis
1468 3421 1571 3463 me
1636 3399 1718 3463 ad
1780 3420 2001 3464 cenam
2066 3400 2457 3487 invitasses3

396 3484 816 3568 reliquiarum
869 3488 1037 3552 nihil
1090 3488 1334 3554 fuisset.
1424 3486 1618 3552 Nunc
1671 3509 1775 3552 me
1830 3487 2143 3572 reliquiae
2192 3497 2455 3557 vestrae
