2567 3884
881 196 1100 250 LIBER
1135 197 1264 250 XHI
1304 203 1389 266 16,
1430 202 1513 252 17.
2072 195 2205 260 383

1075 443 1284 510 XVII.

596 580 712 638 Sor.
749 581 983 650 Romae,
1019 589 1083 638 ut
1116 583 1353 650 videtur,
1390 601 1440 638 a.
1482 586 1596 638 708
1636 584 1777 651 (46).

667 719 925 776 CICERO
975 721 1027 776 S.
1065 721 1130 776 D.
1173 722 1325 777 SER.
1366 721 1705 778 SULPICIO.

302 865 407 929 Μ’.
448 864 698 948 Curius,
746 865 858 948 qui
902 864 1116 928 Patris
1152 865 1543 951 negotiatur,
1589 865 1814 929 multis
1851 868 1916 931 et
1951 864 2205 951 magnis
2246 883 2273 929 1

31 1013 34 1044 :
121 972 147 1013 5
175 955 250 1018 de
310 954 516 1018 causis
575 975 614 1016 3
670 974 774 1015 133
835 952 1162 1039 diligitur3
1226 976 1378 1017 nam
1440 957 1504 1017 et
1562 953 1847 1017 amicitia
1904 956 2205 1037 pervetus

171 1042 331 1107 mihi
368 1064 516 1106 cum
562 1061 637 1104 eo
684 1044 798 1124 est,
845 1044 918 1104 ut
961 1041 1246 1124 primum
1292 1042 1360 1104 in
1396 1042 1612 1105 forum
1648 1042 1843 1125 venit,
1889 1041 2205 1125 instituta,

173 1136 235 1194 et
278 1129 492 1194 Patris
530 1150 675 1192 cum
722 1091 1111 1212 aliquotiens
1158 1133 1347 1193 antea
1390 1133 1532 1193 tum
1577 1130 1872 1213 proxime
1917 1129 2043 1193 hoc
2086 1129 2207 1193 mi-

172 1218 438 1282 serrimo
503 1217 676 1280 bello
737 1217 966 1280 domus
1021 1217 1158 1280 eius
1213 1221 1355 1280 tota
1407 1217 1570 1280 mihi
1632 1218 1870 1303 patuit3
1937 1239 2089 1302 qua,
2150 1217 2206 1281 si

172 1328 331 1390 opus
384 1305 638 1390 fuisset,
698 1308 834 1367 tam
891 1326 1093 1368 essem
1150 1327 1303 1368 usus
1360 1327 1553 1389 quam
1598 1326 1756 1370 mea.
1846 1305 2206 1369 Maximum

32 1389 36 1426 ⁵
89 1414 144 1451 10
171 1398 387 1458 autem
431 1393 595 1457 mihi
640 1393 972 1457 vinculum
1027 1414 1174 1456 cum
1220 1415 1297 1456 eo
1353 1397 1449 1456 est
1496 1394 1680 1477 quasi
1724 1394 2065 1458 sanctioris
2102 1415 2207 1457 cu-

32 1479 36 1498 ²
171 1482 423 1546 iusdam
474 1480 965 1545 necessitudinis
973 1531 991 1564 ,
1049 1480 1223 1565 quod
1277 1484 1375 1544 est
1420 1479 1626 1545 Attici
1679 1481 1887 1546 nostri
1933 1482 2208 1546 familia-

171 1571 463 1633 rissimus
527 1590 800 1652 eumque
865 1590 1067 1632 unum
1137 1573 1396 1654 praeter
1460 1573 1704 1634 ceteros
1769 1574 2068 1654 opservat
2132 1591 2206 1633 ac

172 1658 404 1744 diligit.
497 1656 702 1733 Quem
749 1656 804 1720 si
848 1660 922 1720 tu
968 1657 1098 1719 iam
1142 1657 1314 1720 forte
1361 1658 1681 1742 cognosti,
1725 1662 1886 1741 puto
1922 1679 2027 1722 me
2062 1657 2205 1742 hoc,
2243 1675 2274 1722 2

171 1747 346 1830 quod
400 1745 594 1830 faci0,
647 1746 856 1809 facere
913 1745 1142 1830 serius3
1202 1766 1278 1808 ea
1324 1748 1421 1809 est
1476 1747 1648 1809 enim
1691 1745 2094 1810 humanitate
2141 1750 2207 1810 et

32 1835 34 1872 ÷
87 1852 142 1892 15
171 1834 608 1917 observantia,
669 1837 743 1897 ut
799 1855 946 1897 eum
999 1832 1125 1895 tibi
1179 1833 1310 1895 iam
1355 1833 1569 1916 ipsum
1612 1854 1730 1918 per
1774 1855 1840 1896 se
1887 1854 2207 1897 commen-

32 1925 34 1946 *
170 1924 394 1986 datum
438 1926 677 2006 putem.
770 1920 959 1997 Quod
999 1925 1218 1984 tamen
1256 1921 1313 1984 si
1348 1921 1441 1984 ita
1487 1924 1601 2005 est,
1644 1942 1883 2006 magno
1932 1942 2123 2004 opere
2170 1944 2209 1984 a

167 2016 233 2075 te
273 2031 549 2096 quaes0,
611 2014 684 2073 ut
739 2009 820 2072 ad
874 2031 1015 2072 eam
1060 2010 1491 2092 voluntatem,
1553 2009 1609 2072 si
1664 2030 1857 2091 quam
1902 2009 1973 2072 in
2018 2009 2206 2072 illum

169 2103 319 2162 ante
403 2098 520 2163 has
591 2119 766 2161 meas
848 2097 1098 2160 litteras
1172 2096 1506 2160 contulisti
1522 2147 1539 2180 ,
1622 2119 1814 2180 quam
1887 2097 2207 2160 maximus

167 2190 318 2269 post
364 2208 507 2249 mea
551 2185 1104 2249 commendatione
1152 2185 1445 2248 cumulus
1499 2185 1781 2270 accedat3
1842 2185 1944 2248 sin
1991 2188 2207 2249 autem
2244 2202 2277 2250 3

32 2279 34 2316 ἱ
85 2293 142 2331 20
170 2277 440 2357 propter
484 2273 933 2337 verecundiam
987 2295 1169 2336 suam
1223 2273 1440 2336 minus
1486 2295 1552 2336 se
1597 2273 1723 2336 tibi
1770 2273 2035 2358 optulit,
2096 2277 2209 2337 aut

32 2369 34 2372 ’
169 2360 461 2424 nondum
499 2383 645 2425 eum
682 2362 839 2424 satis
873 2361 1073 2424 habes
1112 2361 1464 2446 cognitum,
1502 2362 1633 2424 aut'
1660 2383 1821 2445 quae
1868 2383 2058 2425 causa
2093 2365 2209 2446 est,

172 2470 288 2512 cur
353 2449 617 2512 maioris
681 2449 1255 2513 commendationis
1319 2449 1607 2534 indigeat
1624 2501 1642 2534 ,
1718 2449 1811 2513 sic
1871 2449 1997 2513 tibi
2060 2471 2209 2513 eum

169 2537 578 2620 commendO,
634 2540 708 2599 ut
752 2559 960 2621 neque
1014 2537 1257 2600 maiore
1305 2538 1519 2601 studio
1567 2559 1955 2621 quemquam
1999 2559 2207 2621 neque

170 2624 555 2688 iustioribus
612 2625 689 2688 de
749 2625 956 2689 causis
1010 2625 1457 2689 commendare
1514 2625 1790 2708 possim,
1848 2625 2207 2707 faciamque

76 2731 139 2772 25
171 2711 258 2796 id,
308 2711 484 2795 quod
538 2712 772 2776 debent
824 2712 1033 2776 facere
1078 2712 1154 2796 ii,
1209 2712 1323 2796 qui
1368 2712 1669 2798 religiose
1714 2717 1779 2776 et
1825 2713 1961 2776 sine
2008 2712 2209 2776 ambi-

167 2801 352 2865 tione
382 2799 857 2884 commendant3
901 2763 1229 2900 spondebo
1267 2801 1440 2864 3111111
1476 2801 1601 2864 tibi
1627 2801 1732 2864 vel
1766 2800 1985 2884 potius
2021 2821 2210 2884 spon-

171 2888 296 2952 deo
342 2889 412 2952 in
455 2910 687 2972 meque
734 2851 972 2971 recipio
1021 2909 1130 2952 303
1167 2910 1303 2952 3333
1338 2887 1445 2952 M.
1485 2888 1640 2953 Curi
1683 2909 1895 2952 mores
1941 2909 2208 2972 eamque

169 2998 322 3040 cum
375 2976 771 3060 probitatem
824 2979 965 3039 tum
1021 2977 1215 3040 etiam
1270 2976 1766 3060 humanitatem,
1812 2979 1886 3040 ut
1940 2998 2088 3040 eum
2143 2979 2208 3039 et

167 3063 459 3127 amicitia
514 3068 628 3128 tua
683 3067 746 3128 et
800 3068 935 3127 tam
989 3067 1283 3128 accurata
1339 3027 1916 3148 commendatione,
1972 3064 2028 3128 si
2083 3064 2207 3128 tibi

71 3173 137 3212 30
168 3152 260 3216 sit
329 3152 656 3238 cognitus,
724 3151 992 3236 dignum
1057 3153 1144 3216 sis
1207 3152 1707 3216 existimaturuS.
1806 3151 1973 3215 Mihi
2038 3156 2208 3216 certe

163 3240 615 3326 gratissimum
659 3239 888 3304 feceris
899 3291 918 3324 ,
964 3240 1020 3303 si
1065 3240 1444 3304 intellexero
1488 3239 1605 3304 has
1648 3240 1900 3304 litteras
1935 3244 2207 3325 tantum,

165 3332 488 3413 quantum
526 3328 812 3392 scribens
842 3327 1258 3413 confidebam,
1296 3327 1465 3411 apud
1501 3332 1566 3391 te
1601 3328 1853 3411 pondus
1888 3329 2206 3393 habuisse.
