2567 3884
269 3422 303 3470 8

342 191 476 253 444
1097 188 1616 243 EPISTULARUM

344 353 488 395 cum
547 332 833 415 paternis
890 332 1112 396 amicis
1164 331 1522 396 maioribus
1575 336 1733 395 natu
1781 332 1862 394 ad
1905 354 2008 396 me
2055 332 2126 395 in
2175 337 2392 397 castra

343 420 522 484 venit
564 421 1105 503 perturbatusque
1153 423 1217 483 et
1270 420 1459 503 flens,
1515 440 1660 483 cum
1714 419 1887 483 idem
1934 424 1998 484 et
2043 421 2254 484 frater
2297 422 2392 485 fa—

344 512 515 571 ceret
553 512 618 571 et
664 508 881 592 amici,
925 530 1134 571 meam
1180 508 1393 591 fidem,
1438 510 1718 571 vestram
1756 508 2388 573 commendationem

343 595 665 679 inplorare
716 597 944 680 coepit.
1021 595 1183 659 Cum
1230 595 1598 679 admirarer,
1645 596 1802 679 quid
1838 596 2175 660 accidisset
2210 599 2388 681 novi,

346 685 511 748 dixit
588 684 670 747 ad
746 706 813 747 se
898 684 1135 747 indicia
1211 684 1700 747 manifestarum
1785 684 2168 747 insidiarum
2248 706 2389 749 esse
2443 704 2470 744 5
2560 760 2561 775 χ

347 771 581 855 delata,
647 792 809 856 quae
874 774 1085 835 essent
1142 774 1291 835 ante
1350 771 1697 835 adventum
1759 794 1976 836 meum
2041 772 2388 856 occultata,

346 859 521 944 quod
564 860 639 944 ii,
686 860 799 944 qui
845 880 919 923 ea
962 859 1321 943 patefacere
1365 862 1645 943 possent,
1690 863 1957 943 propter
1991 863 2244 924 metum
2292 882 2389 925 re-

344 948 696 1011 ticuissent.
778 947 879 1010 Eo
926 950 1142 1011 autem
1185 951 1478 1029 tempore
1523 968 1636 1031 spe
1680 948 1810 1011 mei
1858 948 2166 1031 praesidii
2214 970 2390 1013 com-

343 1036 549 1137 pluris
606 1058 709 1120 ea,
770 1056 933 1118 quae
988 1035 1249 1118 scirent,
1292 1035 1614 1113 audacter
1666 1036 1748 1098 ad
1801 1057 1867 1099 se
1925 1036 2259 1121 detulisse3
2315 1038 2387 1100 in

345 1124 426 1188 iis
463 1123 972 1187 amantissimum
1002 1123 1118 1207 sui,
1156 1144 1406 1186 summa
1432 1123 1673 1206 pietate
1706 1124 2072 1206 praeditum
2109 1125 2385 1188 fratrem
2413 1145 2463 1183 ιο
2560 1120 2561 1165 4

347 1212 555 1275 dicere
620 1208 723 1296 (ea
782 1233 943 1294 quae
1002 1212 1058 1274 is
1116 1233 1219 1274 me
1280 1232 1537 1294 quoque
1599 1212 1898 1275 audiente
1963 1210 2248 1298 dicebat)
2317 1234 2385 1276 se

346 1299 764 1363 sollicitatum
800 1320 962 1382 esse,
1009 1302 1082 1361 ut
1127 1321 1396 1384 regnare
1440 1299 1661 1384 vellet3
1706 1299 1776 1362 id
1818 1299 1968 1363 vivo
2014 1300 2216 1363 fratre
2265 1322 2384 1364 suo

346 1388 631 1471 accipere
667 1408 799 1449 non
843 1386 1157 1486 potuisse3
1204 1408 1271 1449 se
1307 1391 1524 1450 tamen
1560 1390 1709 1450 ante
1744 1386 1910 1451 illud
1943 1391 2202 1471 tempus
2239 1410 2384 1452 eam

346 1496 483 1538 rem
517 1496 869 1558 numquam
905 1474 975 1537 in
1010 1437 1296 1537 1118(1111111
1339 1478 1606 1558 propter
1637 1475 1910 1558 periculi
1949 1480 2198 1539 metum
2234 1498 2383 1560 pro-

344 1563 585 1627 tulisse.
660 1562 835 1638 Quae
882 1583 1028 1625 cum
1066 1566 1229 1625 esset
1273 1562 1546 1647 locutus,
1590 1563 1814 1627 monui
1851 1585 2088 1648 regem,
2134 1568 2210 1627 ut
2249 1582 2460 1627 om-15

343 1672 493 1714 nem
550 1650 951 1736 diligentiam
1006 1650 1087 1713 ad
1142 1671 1208 1713 88
1254 1651 1760 1714 conservandum
1805 1652 2167 1735 adhiberet,
2225 1654 2383 1715 ami-

346 1760 580 1823 cosque
610 1738 734 1822 [in]
763 1737 967 1821 patris
985 1738 1123 1801 eius
1142 1741 1336 1821 atque
1355 1739 1458 1801 avi
1478 1738 1716 1802 iudicio
1742 1738 2053 1822 probatos
2079 1740 2384 1803 hortatus

345 1849 505 1911 sum,
552 1827 723 1912 regis
760 1826 860 1889 sui
895 1826 1097 1889 vitam
1136 1826 1309 1889 docti
1356 1847 1503 1889 casu
1541 1827 1953 1891 acerbissimo
1997 1829 2206 1911 patris
2243 1828 2383 1892 eius

347 1916 525 1979 omni
581 1936 733 1979 cura
786 1914 1202 1998 custodiaque
1259 1914 1687 1977 defenderent.
1781 1914 1944 1978 Cum
2003 1937 2118 1978 rex
2177 1938 2218 1979 a
2275 1938 2383 1980 me

346 2004 706 2086 equitatum
742 2002 1153 2085 cohortisque
1201 2001 1277 2064 de
1315 2002 1599 2065 exercitu
1644 2024 1788 2066 meo
1831 2003 2211 2087 postularet,
2259 2004 2383 2067 etsi
2409 2023 2459 2062 20

344 2091 799 2175 intellegebam
844 2093 1059 2153 vestro
1120 2092 1379 2152 senatus
1435 2089 1728 2153 consulto
1772 2111 1906 2153 non
1948 2090 2144 2154 modo
2189 2113 2381 2175 posse

344 2200 448 2241 me
500 2178 571 2241 id
622 2179 855 2261 facere,
920 2177 1033 2240 sed
1084 2177 1281 2239 etiam
1338 2177 1592 2261 debere,
1655 2181 1896 2261 tamen,
1962 2199 2107 2242 cum
2168 2201 2272 2243 res
2315 2202 2379 2263 p.

342 2265 701 2365 postularet
734 2268 1002 2348 propter
1030 2263 1386 2327 cotidianos
1413 2285 1492 2327 ex
1523 2264 1711 2347 Syria
1745 2266 2024 2349 nunti08,
2071 2270 2146 2329 ut
2185 2289 2381 2350 quam

342 2352 627 2436 primum
682 2352 1033 2416 exercitum
1086 2352 1167 2413 ad
1214 2350 1475 2415 Ciliciae
1529 2354 1689 2415 fines
1743 2353 2150 2437 adducerem,
2207 2376 2380 2418 cum-

346 2462 469 2524 que
514 2439 677 2503 mihi
731 2461 844 2503 rex
896 2439 1235 2523 patefactis
1291 2439 1420 2501 iam
1475 2440 1725 2503 insidiis
1778 2461 1912 2504 non
1965 2463 2155 2527 egere
2201 2464 2380 2506 exer-
2406 2458 2454 2499 25

346 2528 478 2591 citu
513 2551 574 2611 p.
611 2526 716 2610 R.
764 2527 874 2591 sed
908 2548 1096 2610 posse
1130 2547 1195 2591 se
1232 2527 1364 2590 suis
1403 2527 1634 2610 opibus
1666 2528 2002 2592 defendere
2027 2529 2378 2613 videretur,

342 2617 530 2680 illum
576 2615 947 2679 cohortatus
994 2636 1153 2698 sum,
1198 2618 1271 2677 ut
1317 2615 1388 2677 in
1433 2637 1548 2678 sua
1590 2616 1728 2679 vita
1772 2616 2207 2681 conservanda
2251 2618 2380 2701 pri—

343 2727 522 2768 mum
568 2725 835 2789 regnare
883 2702 1178 2787 disceret3
1225 2725 1261 2765 a
1300 2702 1534 2803 quibus
1578 2704 2008 2787 perspexisset
2053 2705 2182 2768 sibi
2226 2706 2379 2769 insi-

346 2793 481 2855 dias
534 2795 815 2876 parataS,
870 2792 939 2855 in
994 2812 1103 2854 eos
1155 2793 1449 2853 uteretur
1501 2791 1640 2855 iure
1695 2792 1903 2877 regio3
1960 2814 2172 2876 poena
2225 2794 2380 2857 adfi-

344 2884 515 2944 ceret
561 2902 695 2964 eoa,
743 2901 905 2963 quos
948 2898 1203 2942 11888888
1249 2882 1446 2961 esset,
1492 2879 1775 2963 reliquos
1819 2883 1998 2944 metu
2041 2880 2377 2968 liberaret3
2403 2898 2451 2937 ³0

341 2968 662 3052 praesidio
709 2968 1025 3031 exercitus
1068 2966 1198 3029 mei
1244 2965 1326 3028 ad
1371 2988 1610 3050 eorum,
1657 2967 1769 3049 qui
1806 2967 1876 3030 in
1912 2968 2100 3051 culpa
2147 2972 2376 3053 essent,

341 3057 642 3120 timorem
695 3056 913 3139 potius
960 3076 1151 3138 quam
1208 3053 1290 3116 ad
1336 3018 1813 3118 contentionem
1858 3059 2177 3142 uteretur3
2238 3057 2375 3121 fore

341 3148 557 3208 autem
602 3147 677 3207 ut
722 3166 967 3226 01111188,
1030 3142 1336 3225 quoniam
1382 3146 1638 3206 senatus
1685 3143 2050 3207 consultum
2093 3149 2373 3229 nossent,

340 3232 789 3317 intellegerent
849 3253 953 3295 me
1016 3231 1180 3315 regi,
1246 3230 1302 3293 81
1367 3251 1528 3314 opus
1592 3234 1783 3315 esset,
1847 3253 1928 3295 ex
1989 3234 2372 3297 auctoritate

340 3324 557 3384 vestra
599 3319 920 3403 praesidio
966 3319 1274 3381 futurum.
2394 3334 2442 3375 35

471 3406 574 3470 Ita
620 3409 997 3471 confirmato
1044 3406 1157 3469 illo
1196 3426 1276 3469 ex
1323 3427 1398 3469 eo
1442 3406 1587 3470 loco
1636 3411 1842 3471 castra
1886 3408 2092 3493 movi3
2138 3409 2263 3473 iter
2304 3408 2370 3472 in

343 3492 634 3557 Ciliciam
671 3494 878 3558 facere
915 3492 1187 3577 institui,
1223 3506 1372 3556 cum
1408 3493 1531 3557 hac
1567 3495 1870 3579 opinione
1905 3518 1939 3560 8
1971 3460 2369 3581 Cappadocia
