2567 3884
929 191 1146 244 LIBER
1180 190 1284 244 ΧΠ
1322 177 1404 246 1'5.
2056 191 2186 256 349

168 332 480 416 Syriaque
527 332 828 416 expulsus
873 331 1128 398 Italiam
1171 333 1455 418 petisset,
1504 333 1763 417 mederi,
1811 355 1956 397 cum
2002 334 2187 398 facile

165 425 442 505 possent,
487 421 849 485 noluerunt.

296 508 364 574 Ν
366 531 450 572 011
511 509 707 572 nullis
773 508 967 572 etiam
1038 508 1164 592 ipsi
1233 508 1651 594 magistratus
1713 508 2057 572 veniebant
2122 509 2189 573 in
2226 528 2257 575 5

167 596 593 680 suspicionem
641 596 986 661 detinuisse
1031 618 1148 661 nos
1186 601 1251 660 et
1288 597 1603 661 demorati
1639 617 1791 679 esse,
1837 596 1990 660 dum
2037 596 2190 660 clas-

115 703 141 743 5
167 685 253 748 sis
297 684 671 749 Dolabellae
717 685 952 749 certior
994 685 1178 750 fleret
1215 685 1293 748 de
1330 685 1609 749 adventu
1652 689 1892 748 nostro,
1983 683 2190 760 Quam

167 773 594 857 suspicionem
650 777 1022 836 consecutae
1068 793 1169 836 res
1223 773 1473 855 aliquot
1526 776 1868 856 auxerunt,
1911 772 2191 836 maxime

167 860 340 942 quod
385 860 600 924 subito
647 880 727 923 ex
769 860 968 943 Lycia
1014 858 1156 924 Sex.
1201 859 1447 924 Marius
1492 864 1557 923 et
1605 859 1671 924 O.
1719 859 1946 943 Titius,
1990 859 2191 945 legati

166 948 539 1012 Dolabellae
553 998 573 1032 ,
616 970 655 1010 a
701 947 898 1012 classe
944 948 1369 1012 discesserunt
1412 948 1690 1031 navique
1733 948 1930 1033 longa
1972 948 2191 1031 profu-

167 1040 402 1136 gerunt
439 1035 748 1100 onerariis
793 1036 1052 1120 relictiS,
1097 1036 1166 1099 in
1204 1037 1439 1119 quibus
1486 1036 1863 1121 colligendis
1908 1057 2041 1099 non
2074 1035 2192 1098 mi-

88 1144 141 1183 10
167 1125 415 1188 nimum
486 1123 796 1207 temporis
865 1123 1233 1224 laborisque
1316 1127 1856 1207 consumpserant.
1947 1123 2191 1206 Itaque,

170 1233 316 1275 cum
361 1212 440 1275 ab
486 1211 718 1275 Rhodo
767 1232 912 1275 cum
949 1211 1055 1296 iis,
1103 1233 1260 1294 quas
1306 1212 1761 1295 habueramus,
1805 1211 2077 1296 navibus
2123 1211 2192 1274 in

167 1299 434 1400 Lyciam
485 1299 902 1383 venissemuS,
965 1299 1146 1364 navis
1202 1300 1526 1364 onerarias
1582 1299 1937 1400 recepimus
1993 1298 2194 1363 domi-

169 1388 396 1470 nisque
439 1387 840 1452 restituimus
884 1350 1210 1471 idemque,
1257 1388 1432 1487 quod
1473 1388 1750 1452 maxime
1794 1387 2192 1471 verebamur,

169 1497 250 1539 ne
311 1476 527 1558 posset
584 1474 922 1540 Dolabella
981 1496 1126 1539 cum
1189 1475 1323 1539 suis
1384 1475 1745 1540 latronibus
1809 1475 1877 1539 in
1936 1475 2192 1540 Italiam

89 1581 143 1621 15
170 1563 412 1647 venire,
474 1563 701 1626 timere
757 1563 1084 1647 desiimus3
1144 1563 1411 1626 classem
1464 1564 1821 1649 fugientem
1874 1563 2193 1647 persecuti

171 1671 392 1714 sumus
443 1672 644 1733 usque
699 1649 944 1734 Sidam,
1003 1671 1166 1734 quae
1210 1655 1501 1732 extrema
1550 1651 1731 1736 regio
1786 1654 1884 1715 est
1936 1651 2195 1735 provin-

171 1739 305 1803 ciae
349 1760 542 1802 meae.

301 1824 405 1889 Ibi
461 1825 734 1911 cognovi
791 1829 1040 1909 partem
1096 1826 1361 1890 navium
1414 1825 1790 1890 Dolabellae
1848 1825 2193 1912 diffugisse,
2232 1843 2263 1890 6

169 1914 449 1997 reliquas
495 1912 748 1996 Syriam
796 1912 1206 1997 Cyprumque
1255 1913 1507 1997 petisse.
1599 1912 1848 1989 Quibus
1897 1913 2194 1997 disiectiS,

88 2023 141 2062 20
170 2024 317 2066 cum
363 2001 591 2065 scirem
630 1999 696 2064 G.
737 1999 942 2084 Cassi,
989 2001 1334 2102 singularis
1372 2001 1529 2065 civis
1576 2004 1641 2064 et
1687 2001 1883 2085 duciS,
1930 2001 2194 2065 classem

167 2090 517 2153 maximam
574 2090 713 2152 fore
769 2090 1024 2173 praesto
1082 2089 1151 2151 in
1211 2088 1431 2173 Syria,
1494 2089 1577 2152 ad
1633 2110 1849 2152 meum
1910 2089 2195 2152 officium

169 2177 408 2241 reverti
454 2176 743 2260 daboque
763 2198 1058 2277 operam,
1095 2181 1169 2241 ut
1203 2199 1419 2241 meum
1456 2176 1758 2260 studium,
1796 2175 2197 2262 diligentiam

170 2264 388 2348 vobis,
445 2286 507 2347 p.
539 2285 631 2348 ..,c
686 2263 906 2348 reique
949 2287 1012 2348 p.
1056 2269 1395 2349 praestem,
1448 2265 1943 2349 pecuniamque,
2002 2287 2196 2348 quam

169 2352 520 2416 maximam
571 2355 824 2436 potero,
872 2356 937 2416 et
983 2374 1174 2435 quam
1222 2353 1550 2417 celerrime
1601 2374 1827 2438 cogam
1873 2353 2198 2417 omnibus-

88 2460 143 2499 25
174 2461 300 2523 que
345 2439 704 2502 rationibus
750 2440 832 2503 ad
874 2461 989 2504 vos
1039 2440 1312 2504 mittam.
1406 2440 1477 2505 Si
1520 2462 1894 2541 percurrero
1939 2441 2199 2525 provin-

172 2528 338 2590 ciam
385 2529 450 2590 et
496 2548 882 2612 cognovero,
939 2528 1051 2611 qui
1104 2529 1294 2592 nobis
1340 2531 1405 2592 et
1450 2529 1545 2592 rei
1587 2551 1648 2612 p.
1694 2528 1887 2594 fidem
1932 2529 2199 2613 praesti-

171 2618 393 2678 terunt
446 2614 514 2677 in
569 2616 999 2679 conservanda
1041 2617 1313 2699 pecunia
1358 2639 1395 2679 a
1439 2638 1541 2682 me
1590 2617 1903 2700 deposita,
1959 2617 2197 2700 quique

171 2703 408 2766 scelere
467 2703 640 2766 ultro
701 2703 1054 2768 deferentes
1111 2705 1449 2788 pecuniam
1506 2705 1832 2788 publicam
1883 2704 2010 2768 hoc
2061 2725 2199 2767 mu-

169 2811 324 2854 nere
370 2790 740 2854 societatem
786 2791 1142 2856 facinorum
1188 2813 1335 2856 cum
1378 2791 1717 2856 Dolabella
1762 2791 2063 2875 inierunt,
2108 2792 2198 2854 fa-

86 2898 144 2937 30
171 2878 339 2942 ciam
383 2899 498 2941 vos
544 2878 863 2954 certiores.
953 2879 1052 2943 De
1099 2880 1359 2964 quibus,
1406 2880 1460 2944 si
1505 2880 1691 2944 vobis
1736 2879 2078 2962 videbitur,
2125 2879 2197 2962 si,

171 2969 245 3030 ut
299 2965 516 3030 meriti
581 2970 756 3049 sunt,
813 2968 1098 3052 graviter
1161 2967 1625 3032 constitueritis
1683 2989 1927 3050 nosque
1985 2969 2199 3030 vestra

171 3054 556 3118 auctoritate
598 3054 1025 3140 firmaveritiS,
1069 3056 1323 3120 facilius
1368 3059 1433 3119 et
1477 3055 1725 3138 reliqua
1768 3054 2024 3140 exigere
2059 3075 2199 3118 vec-

170 3142 400 3228 tigalia
445 3146 510 3206 et
555 3145 776 3206 exacta
826 3164 1078 3207 servare
1123 3143 1497 3227 poterimus,
1556 3141 1811 3207 Interea
1854 3163 1984 3225 quo
2032 3163 2201 3206 com-

169 3230 425 3294 modius
480 3230 821 3316 vectigalia
874 3231 1042 3294 tueri
1096 3231 1621 3315 provinciamque
1678 3231 1759 3294 ab
1815 3230 2051 3294 iniuria
2097 3229 2199 3294 de-

83 3335 140 3375 35
172 3318 432 3382 fendere
465 3319 726 3403 possim,
761 3318 1153 3402 praesidium
1179 3318 1619 3383 voluntarium
1646 3318 2200 3402 necessariumque

171 3428 554 3489 comparav1.

305 3493 427 3558 His
461 3493 698 3558 litteris
736 3495 991 3578 scriptis
1026 3495 1266 3560 milites
1305 3494 1559 3558 circiter
1595 3513 1741 3558 xxx
1754 3546 1772 3580 ,
1819 3516 1980 3580 quos
2007 3495 2200 3560 Dola·
2238 3512 2268 3560 ’1
