2567 3884
981 179 1200 233 LIBER,
1235 179 1314 232 XI
1352 185 1543 235 9—-11,
2149 181 2278 244 311

243 323 549 386 solvendo
616 344 931 406 omneque
1003 344 1207 408 genus
1277 322 1619 387 hominum
1683 322 2060 406 abripiendo
2124 322 2281 386 satis

242 433 551 497 magnum
597 431 937 475 numerum
983 410 1239 475 videtur
1285 412 1585 475 effecisse.
1667 410 1812 474 Hoc
1848 410 2116 475 accessit
2150 433 2282 474 ma-

242 521 365 563 nus
409 498 695 584 Ventidi,
743 520 905 581 quae
949 503 1129 562 trans
1164 498 1628 583 Appenninum
1673 500 1905 563 itinere
1951 499 2122 562 facto
2163 499 2281 562 dif-

244 588 535 651 ficillimo
581 587 664 650 ad
707 585 892 650 Vada
943 587 1238 670 pervenit
1292 591 1486 671 atque
1543 587 1638 650 ibi
1682 609 1750 651 se
1796 607 1945 651 cum
1987 585 2278 651 Antonio

188 694 218 736 5
247 675 596 740 coniunxit.
687 674 810 738 Est
871 697 1176 740 numerus
1239 679 1693 740 veteranorum
1755 679 1821 739 et
1884 678 2280 739 armatorum

245 764 401 827 satis
465 765 766 847 frequens
829 784 976 828 cum
1038 762 1366 828 Ventidio.
1468 761 1753 828 Consilia
1780 762 2059 826 ·Antoni
2122 763 2282 826 haec
2316 780 2351 827 4

247 851 378 915 sint
430 873 685 915 necesse
743 855 866 935 est,
929 855 1040 915 aut
1094 851 1176 915 ad
1226 851 1545 935 Lepidum
1601 856 1675 915 ut
1728 873 1795 915 se
1850 851 2165 936 conferat,
2224 851 2280 914 si

246 940 581 1024 recipitur,
641 943 752 1003 aut
794 903 1184 1023 Appennino
1229 939 1636 1024 Alpibusque
1683 961 1751 1003 se
1802 942 2021 1003 teneat
2066 942 2133 1002 et
2178 939 2281 1003 de-

247 1028 652 1092 cursionibus
697 1049 814 1110 per
859 1028 1133 1112 equites,
1189 1049 1351 1111 quos
1395 1028 1594 1092 habet
1638 1027 1906 1112 multos,
1951 1030 2161 1091 vastet
2206 1049 2283 1090 ea

123 1109 218 1177 ἰο
244 1116 418 1200 loca,
479 1116 547 1180 in
600 1137 762 1200 quae
821 1115 1196 1200 incurrerit,
1255 1119 1369 1180 aut
1432 1138 1619 1180 rusus
1682 1137 1750 1180 se
1815 1116 1885 1179 in
1946 1115 2281 1179 Etruriam

248 1205 502 1288 referat,
549 1204 723 1287 quod
767 1225 842 1268 ea
885 1226 1034 1287 pars
1078 1167 1304 1268 Italiae
1352 1203 1488 1268 sine
1534 1204 1820 1268 exercitu
1858 1207 1971 1267 est.
2036 1202 2281 1279 Quodsi

245 1314 350 1356 me
407 1291 638 1356 Caesar
691 1291 974 1356 audisset
1027 1296 1218 1376 atque
1271 1290 1735 1377 Appenninum
1785 1291 2152 1376 transisset,
2210 1291 2281 1354 in

246 1383 458 1444 tantas
505 1380 835 1466 angustias
869 1379 1232 1445 Antonium
1278 1381 1748 1465 compulissem,
1793 1384 1868 1445 ut
1912 1379 2134 1462 inopia
2168 1401 2281 1462 po-

245 1468 378 1532 tius
425 1490 618 1551 quam
672 1469 844 1533 ferro
905 1469 1343 1533 conficeretur.
1436 1466 1562 1532 Sed
1604 1490 1814 1553 neque
1862 1466 2118 1532 Caesari
2164 1467 2282 1531 im-

165 1575 219 1616 15
246 1557 458 1640 perari
502 1560 719 1639 potest
761 1578 881 1620 nec
917 1555 1149 1620 Caesar
1186 1557 1496 1621 exercitui
1534 1578 1669 1640 sue,
1716 1557 1890 1640 quod
1932 1560 2281 1640 utrumque

245 1644 596 1728 pessimum
634 1648 746 1708 est.
841 1642 1004 1708 Cum
1047 1645 1207 1708 haec
1249 1644 1407 1708 talia
1453 1645 1601 1728 sint,
1653 1666 1780 1727 quo
1826 1644 2059 1729 minuS,
2107 1644 2282 1727 quod

247 1732 330 1795 ad
355 1755 458 1796 me
494 1732 864 1816 pertinebit,
901 1733 1199 1797 homines
1224 1732 1654 1817 interpellent,
1702 1737 1775 1796 ut
1803 1754 1997 1816 supra
2034 1732 2281 1816 scripsi,

155 1899 160 1903 Δ
245 1841 378 1884 11011
433 1821 732 1904 1111Ρο(110.
823 1820 1002 1885 Haec
1055 1843 1247 1904 quem
1308 1821 1389 1884 ad
1445 1820 1711 1884 modum
1770 1820 2079 1904 explicari
2136 1841 2282 1903 pos-

248 1909 378 1972 sint
425 1913 562 1993 aut,
610 1931 647 1972 a
692 1913 756 1972 te
804 1929 949 1973 cum
995 1908 1515 1993 explicabuntur,
1568 1931 1650 1972 ne
1696 1908 2157 1992 impediantur,
2202 1907 2281 1971 ti-

167 2018 220 2058 20
246 2018 409 2061 meo.
500 1995 693 2060 Alere
747 1996 878 2060 iam
931 1996 1173 2061 milites
1225 2019 1359 2060 non
1416 2018 1697 2080 possum.
1790 1994 1953 2059 Cum
2010 1996 2091 2059 ad
2144 2017 2281 2060 rem
2320 2014 2351 2062 5

246 2109 307 2168 p.
353 2085 753 2148 liberandam
808 2086 1068 2169 accessi,
1126 2084 1240 2149 HS
1295 2085 1459 2149 mihi
1512 2085 1640 2149 fuit
1691 2083 1999 2168 pecuniae
2054 2081 2281 2170 ΙΟΟΟΟΙ

249 2173 540 2256 amplius.
632 2173 912 2237 Tantum
967 2174 1173 2257 abest,
1233 2176 1308 2236 ut
1360 2194 1540 2237 meae
1595 2172 1690 2237 rei
1742 2171 2081 2236 familiaris
2124 2171 2283 2235 libe-

249 2282 396 2323 rum
450 2261 535 2324 sit
588 2262 963 2345 quicquam,
1027 2265 1102 2326 ut
1161 2261 1370 2324 omm's
1424 2261 1555 2324 iam
1608 2281 1788 2324 meos
1842 2260 2083 2324 amicos
2140 2281 2285 2323 aere

249 2348 459 2412 alieno
499 2349 974 2413 obstrinxerim.
1068 2348 1331 2432 Septem
1366 2370 1709 2414 numerum
1744 2369 1916 2413 nunc
1950 2348 2283 2434 legionum

169 2455 223 2496 25
250 2437 372 2520 alo,
411 2458 537 2519 qua
565 2437 963 2521 difficultate,
999 2441 1074 2500 tu
1103 2437 1446 2523 arbitrare3
1482 2458 1631 2521 non,
1669 2437 1725 2500 si
1752 2436 2067 2502 Varronis
2102 2437 2287 2500 then-

250 2546 474 2588 sauros
508 2525 831 2610 haberem,
878 2526 1226 2589 subsistere
1265 2525 1555 2608 sumptui
1598 2546 1871 2609 possem.
1949 2523 2113 2588 Cum
2156 2524 2286 2607 pri-

248 2634 428 2676 mum
485 2612 561 2676 de
606 2612 895 2677 Antonio
952 2613 1358 2697 exploratum
1403 2613 1720 2698 habuero,
1766 2613 1999 2677 faciam
2044 2617 2109 2676 te
2157 2633 2287 2675 cer-

246 2700 497 2764 tiorem.
572 2700 672 2764 Tu
707 2723 810 2765 me
839 2702 1084 2765 amabis
1121 2702 1230 2786 ita,
1267 2702 1325 2765 si
1360 2701 1487 2766 hoc
1522 2701 1695 2765 idem
1730 2723 1835 2765 me
1872 2701 1941 2764 in
1977 2705 2041 2764 te
2079 2701 2287 2764 facere

248 2789 538 2853 senseris.
629 2807 711 2852 111
758 2788 825 2855 N
827 2811 928 2854 on.
973 2789 1124 2854 Mai.
1172 2812 1253 2854 ex
1300 2789 1526 2854 castris
1571 2789 1877 2854 Dertona.

165 2985 220 3024 30
1211 2964 1322 3029 XI.

355 3085 468 3142 Ser.
506 3087 572 3141 in
607 3087 804 3141 castris
839 3088 902 3140 in
935 3086 1142 3153 finibus
1170 3083 1612 3222 ,sjfftifssmiwm
1652 3085 1801 3154 prid.
1840 3084 1989 3139 Non.
2020 3059 2176 3138 Mai.

1076 3173 1129 3209 a.
1446 3198 1456 3208 .

432 3278 499 3334 D.
537 3279 826 3334 BRUTUS
863 3279 1009 3334 IMP.
1050 3277 1196 3332 COS.
1234 3277 1389 3332 DES.
1432 3276 1484 3331 S.
1523 3277 1588 3332 D.
1628 3277 1704 3330 M.
1744 3275 2099 3332 CICERONI.

379 3404 630 3469 Eodem
677 3403 972 3487 exemplo
1019 3426 1057 3468 a
1093 3407 1159 3467 te
1195 3403 1288 3467 mi
1324 3403 1580 3466 litterae
1618 3403 1905 3466 redditae
1943 3406 2109 3487 sunt,
2158 3425 2287 3488 quo
2330 3420 2358 3468 1

163 3509 218 3552 35
245 3493 431 3576 pueri
467 3493 598 3557 mei
626 3493 1000 3557 attulerunt.
1075 3491 1359 3556 Tantum
1394 3512 1497 3555 me
1535 3490 1661 3554 tibi
1700 3491 1929 3556 debere
1967 3492 2288 3578 existimO,
