<?xml version="1.0" encoding="UTF-8"?>
<!DOCTYPE html PUBLIC "-//W3C//DTD XHTML 1.0 Transitional//EN"
    "http://www.w3.org/TR/xhtml1/DTD/xhtml1-transitional.dtd">
<html xmlns="http://www.w3.org/1999/xhtml" xml:lang="en" lang="en">
 <head>
  <title>
</title>
<meta http-equiv="Content-Type" content="text/html;charset=utf-8" />
  <meta name='ocr-system' content='tesseract 3.04.00' />
  <meta name='ocr-capabilities' content='ocr_page ocr_carea ocr_par ocr_line ocrx_word'/>
</head>
<body>
  <div class='ocr_page' id='page_1' title='image "./scriptaquaemans02mlgoog_0618.png"; bbox 0 0 2567 3884; ppageno 0'>
   <div class='ocr_carea' id='block_1_1' title="bbox 407 154 1667 221">
    <p class='ocr_par' dir='ltr' id='par_1_1' title="bbox 407 154 1667 221">
     <span class='ocr_line' id='line_1_1' title="bbox 407 154 1667 221; baseline -0.012 1"><span class='ocrx_word' id='word_1_1' title='bbox 407 158 492 221; x_wconf 80' lang='lat'>52</span> <span class='ocrx_word' id='word_1_2' title='bbox 497 158 537 221; x_wconf 90' lang='grc'><strong>6</strong></span> <span class='ocrx_word' id='word_1_3' title='bbox 1151 154 1667 210; x_wconf 82' lang='lat' dir='ltr'><strong>EPISTULARUM</strong></span> 
     </span>
    </p>
   </div>
   <div class='ocr_carea' id='block_1_2' title="bbox 404 296 2427 382">
    <p class='ocr_par' dir='ltr' id='par_1_2' title="bbox 404 296 2427 382">
     <span class='ocr_line' id='line_1_2' title="bbox 404 296 2427 382; baseline -0.002 -17"><span class='ocrx_word' id='word_1_4' title='bbox 404 302 633 365; x_wconf 88' lang='lat' dir='ltr'>ficatur</span> <span class='ocrx_word' id='word_1_5' title='bbox 690 304 961 364; x_wconf 88' lang='lat' dir='ltr'>strenue.</span> <span class='ocrx_word' id='word_1_6' title='bbox 1060 298 1477 382; x_wconf 83' lang='lat' dir='ltr'>Redemptori</span> <span class='ocrx_word' id='word_1_7' title='bbox 1539 302 1653 362; x_wconf 93' lang='lat' dir='ltr'>tuo</span> <span class='ocrx_word' id='word_1_8' title='bbox 1720 297 2056 361; x_wconf 88' lang='lat' dir='ltr'>dimidium</span> <span class='ocrx_word' id='word_1_9' title='bbox 2117 296 2427 381; x_wconf 89' lang='lat' dir='ltr'>pecuniae</span> 
     </span>
    </p>
   </div>
   <div class='ocr_carea' id='block_1_3' title="bbox 364 385 2428 472">
    <p class='ocr_par' dir='ltr' id='par_1_3' title="bbox 364 385 2428 472">
     <span class='ocr_line' id='line_1_3' title="bbox 364 385 2428 472; baseline -0.002 -20"><span class='ocrx_word' id='word_1_10' title='bbox 364 389 637 453; x_wconf 61' lang='lat' dir='ltr'>curavi.</span> <span class='ocrx_word' id='word_1_11' title='bbox 729 386 930 472; x_wconf 84' lang='lat' dir='ltr'>Spero</span> <span class='ocrx_word' id='word_1_12' title='bbox 992 409 1111 451; x_wconf 90' lang='lat' dir='ltr'>nos</span> <span class='ocrx_word' id='word_1_13' title='bbox 1169 391 1316 451; x_wconf 90' lang='lat' dir='ltr'>ante</span> <span class='ocrx_word' id='word_1_14' title='bbox 1379 387 1655 450; x_wconf 88' lang='lat' dir='ltr'>hiemem</span> <span class='ocrx_word' id='word_1_15' title='bbox 1720 385 2209 450; x_wconf 75' lang='lat' dir='ltr'><strong>contubernales</strong></span> <span class='ocrx_word' id='word_1_16' title='bbox 2270 385 2428 449; x_wconf 87' lang='lat' dir='ltr'>fore.</span> 
     </span>
    </p>
   </div>
   <div class='ocr_carea' id='block_1_4' title="bbox 334 848 367 895">
    <p class='ocr_par' dir='ltr' id='par_1_4' title="bbox 334 848 367 895">
     <span class='ocr_line' id='line_1_4' title="bbox 334 848 367 895; baseline 0 0"><span class='ocrx_word' id='word_1_17' title='bbox 334 848 367 895; x_wconf 88' lang='lat'><strong>3</strong></span> 
     </span>
    </p>
   </div>
   <div class='ocr_carea' id='block_1_5' title="bbox 402 475 2508 1175">
    <p class='ocr_par' dir='ltr' id='par_1_5' title="bbox 402 475 2508 805">
     <span class='ocr_line' id='line_1_5' title="bbox 404 475 2428 556; baseline -0.002 -15"><span class='ocrx_word' id='word_1_18' title='bbox 404 476 502 541; x_wconf 91' lang='lat' dir='ltr'>De</span> <span class='ocrx_word' id='word_1_19' title='bbox 546 480 768 540; x_wconf 89' lang='lat' dir='ltr'>nostra</span> <span class='ocrx_word' id='word_1_20' title='bbox 803 475 1016 540; x_wconf 86' lang='lat' dir='ltr'>&#39;I&#39;ullia</span> <span class='ocrx_word' id='word_1_21' title='bbox 1049 476 1148 539; x_wconf 90' lang='lat' dir='ltr'>tui</span> <span class='ocrx_word' id='word_1_22' title='bbox 1183 475 1547 539; x_wconf 79' lang='lat' dir='ltr'>mehercule</span> <span class='ocrx_word' id='word_1_23' title='bbox 1583 475 2018 538; x_wconf 87' lang='lat' dir='ltr'>amantissima</span> <span class='ocrx_word' id='word_1_24' title='bbox 2053 494 2243 556; x_wconf 86' lang='lat' dir='ltr'>spero</span> <span class='ocrx_word' id='word_1_25' title='bbox 2282 494 2428 536; x_wconf 93' lang='lat' dir='ltr'>cum</span> 
     </span>
     <span class='ocr_line' id='line_1_6' title="bbox 406 561 2431 649; baseline -0.002 -21"><span class='ocrx_word' id='word_1_26' title='bbox 406 564 778 649; x_wconf 82' lang='lat' dir='ltr'>Crassipede</span> <span class='ocrx_word' id='word_1_27' title='bbox 830 586 950 628; x_wconf 89' lang='lat' dir='ltr'>nos</span> <span class='ocrx_word' id='word_1_28' title='bbox 1005 564 1365 628; x_wconf 77' lang='lat' dir='ltr'>confecisse.</span> <span class='ocrx_word' id='word_1_29' title='bbox 1464 563 1620 626; x_wconf 88' lang='lat' dir='ltr'>Dies</span> <span class='ocrx_word' id='word_1_30' title='bbox 1666 567 1846 627; x_wconf 86' lang='lat' dir='ltr'>erant</span> <span class='ocrx_word' id='word_1_31' title='bbox 1901 562 2025 625; x_wconf 93' lang='lat' dir='ltr'>duo</span> <span class='ocrx_word' id='word_1_32' title='bbox 2035 613 2053 645; x_wconf 92' lang='lat'>,</span> <span class='ocrx_word' id='word_1_33' title='bbox 2107 561 2223 644; x_wconf 89' lang='lat' dir='ltr'>qui</span> <span class='ocrx_word' id='word_1_34' title='bbox 2278 565 2431 645; x_wconf 85' lang='lat' dir='ltr'>post</span> 
     </span>
     <span class='ocr_line' id='line_1_7' title="bbox 402 651 2508 738; baseline -0.002 -22"><span class='ocrx_word' id='word_1_35' title='bbox 402 652 663 716; x_wconf 89' lang='lat' dir='ltr'>Latinas</span> <span class='ocrx_word' id='word_1_36' title='bbox 725 653 1046 717; x_wconf 90' lang='lat' dir='ltr'>habentur</span> <span class='ocrx_word' id='word_1_37' title='bbox 1108 652 1426 738; x_wconf 84' lang='lat' dir='ltr'>religiosi3</span> <span class='ocrx_word' id='word_1_38' title='bbox 1490 652 1536 735; x_wconf 89' lang='lat'><strong>†</strong></span> <span class='ocrx_word' id='word_1_39' title='bbox 1582 654 1792 715; x_wconf 91' lang='lat' dir='ltr'>cetero</span> <span class='ocrx_word' id='word_1_40' title='bbox 1858 651 2223 715; x_wconf 89' lang='lat' dir='ltr'>confectum</span> <span class='ocrx_word' id='word_1_41' title='bbox 2289 653 2429 713; x_wconf 88' lang='lat' dir='ltr'>erat</span> <span class='ocrx_word' id='word_1_42' title='bbox 2484 667 2508 706; x_wconf 82' lang='lat'>⁵</span> 
     </span>
     <span class='ocr_line' id='line_1_8' title="bbox 403 740 818 805; baseline -0.002 0"><span class='ocrx_word' id='word_1_43' title='bbox 403 740 622 805; x_wconf 89' lang='lat' dir='ltr'>Latiar</span> <span class='ocrx_word' id='word_1_44' title='bbox 667 743 818 805; x_wconf 90' lang='lat' dir='ltr'>erat.</span> 
     </span>
    </p>

    <p class='ocr_par' dir='ltr' id='par_1_6' title="bbox 406 824 2504 1175">
     <span class='ocr_line' id='line_1_9' title="bbox 541 824 2432 913; baseline -0.003 -19"><span class='ocrx_word' id='word_1_45' title='bbox 541 827 665 913; x_wconf 90' lang='lat' dir='ltr'>[VI</span> <span class='ocrx_word' id='word_1_46' title='bbox 701 828 904 913; x_wconf 81' lang='lat'><strong>3—7]</strong></span> <span class='ocrx_word' id='word_1_47' title='bbox 940 826 1399 912; x_wconf 81' lang='grc' dir='ltr'><strong><em>Ἀμφιλαφίαν</em></strong></span> <span class='ocrx_word' id='word_1_48' title='bbox 1435 830 1651 890; x_wconf 89' lang='lat' dir='ltr'>autem</span> <span class='ocrx_word' id='word_1_49' title='bbox 1685 826 1882 911; x_wconf 89' lang='lat' dir='ltr'>illam,</span> <span class='ocrx_word' id='word_1_50' title='bbox 1919 848 2111 909; x_wconf 88' lang='lat' dir='ltr'>quam</span> <span class='ocrx_word' id='word_1_51' title='bbox 2148 829 2225 888; x_wconf 90' lang='lat' dir='ltr'>tu</span> <span class='ocrx_word' id='word_1_52' title='bbox 2264 824 2432 889; x_wconf 89' lang='lat' dir='ltr'>soles</span> 
     </span>
     <span class='ocr_line' id='line_1_10' title="bbox 406 914 2429 1001; baseline -0.002 -20"><span class='ocrx_word' id='word_1_53' title='bbox 406 917 632 1001; x_wconf 83' lang='lat' dir='ltr'>dicere,</span> <span class='ocrx_word' id='word_1_54' title='bbox 677 917 850 981; x_wconf 91' lang='lat' dir='ltr'>bono</span> <span class='ocrx_word' id='word_1_55' title='bbox 875 916 1068 980; x_wconf 94' lang='lat' dir='ltr'>modo</span> <span class='ocrx_word' id='word_1_56' title='bbox 1098 916 1405 999; x_wconf 81' lang='lat' dir='ltr'>desidere,</span> <span class='ocrx_word' id='word_1_57' title='bbox 1451 915 1543 979; x_wconf 88' lang='lat' dir='ltr'>sic</span> <span class='ocrx_word' id='word_1_58' title='bbox 1566 936 1847 998; x_wconf 89' lang='lat' dir='ltr'>prorsus,</span> <span class='ocrx_word' id='word_1_59' title='bbox 1883 919 1958 978; x_wconf 93' lang='lat' dir='ltr'>ut</span> <span class='ocrx_word' id='word_1_60' title='bbox 1983 914 2429 977; x_wconf 86' lang='lat' dir='ltr'>advenientem</span> 
     </span>
     <span class='ocr_line' id='line_1_11' title="bbox 407 1001 2427 1089; baseline -0.002 -20"><span class='ocrx_word' id='word_1_61' title='bbox 407 1005 721 1089; x_wconf 83' lang='lat' dir='ltr'>excipiam</span> <span class='ocrx_word' id='word_1_62' title='bbox 763 1005 1086 1088; x_wconf 77' lang='lat' dir='ltr'>lubenter,</span> <span class='ocrx_word' id='word_1_63' title='bbox 1143 1004 1451 1067; x_wconf 91' lang='lat' dir='ltr'>latentem</span> <span class='ocrx_word' id='word_1_64' title='bbox 1506 1004 1700 1067; x_wconf 90' lang='lat' dir='ltr'>etiam</span> <span class='ocrx_word' id='word_1_65' title='bbox 1742 1024 1915 1067; x_wconf 91' lang='lat' dir='ltr'>nunc</span> <span class='ocrx_word' id='word_1_66' title='bbox 1956 1022 2088 1066; x_wconf 92' lang='lat' dir='ltr'>non</span> <span class='ocrx_word' id='word_1_67' title='bbox 2132 1001 2427 1065; x_wconf 77' lang='lat' dir='ltr'>excitem.</span> 
     </span>
     <span class='ocr_line' id='line_1_12' title="bbox 407 1089 2504 1175; baseline -0.002 -18"><span class='ocrx_word' id='word_1_68' title='bbox 407 1093 642 1157; x_wconf 86' lang='lat' dir='ltr'>Tribus</span> <span class='ocrx_word' id='word_1_69' title='bbox 685 1094 846 1157; x_wconf 93' lang='lat' dir='ltr'>locis</span> <span class='ocrx_word' id='word_1_70' title='bbox 891 1092 1176 1173; x_wconf 84' lang='lat' dir='ltr'>aedificO,</span> <span class='ocrx_word' id='word_1_71' title='bbox 1243 1092 1491 1175; x_wconf 88' lang='lat' dir='ltr'>reliqua</span> <span class='ocrx_word' id='word_1_72' title='bbox 1535 1092 1932 1155; x_wconf 85' lang='lat' dir='ltr'>reconcinnO.</span> <span class='ocrx_word' id='word_1_73' title='bbox 2013 1089 2185 1155; x_wconf 86' lang='lat' dir='ltr'>Vivo</span> <span class='ocrx_word' id='word_1_74' title='bbox 2232 1090 2425 1175; x_wconf 92' lang='lat' dir='ltr'>paulo</span> <span class='ocrx_word' id='word_1_75' title='bbox 2452 1107 2504 1144; x_wconf 90' lang='lat'>1⁰</span> 
     </span>
    </p>
   </div>
   <div class='ocr_carea' id='block_1_6' title="bbox 303 1177 2426 1269">
    <p class='ocr_par' dir='ltr' id='par_1_7' title="bbox 303 1177 2426 1269">
     <span class='ocr_line' id='line_1_13' title="bbox 303 1177 2426 1269; baseline -0.002 -24"><span class='ocrx_word' id='word_1_76' title='bbox 303 1252 322 1269; x_wconf 86' lang='lat'>.</span> <span class='ocrx_word' id='word_1_77' title='bbox 406 1181 762 1265; x_wconf 76' lang='lat' dir='ltr'>liberalius,</span> <span class='ocrx_word' id='word_1_78' title='bbox 819 1202 1010 1264; x_wconf 90' lang='lat' dir='ltr'>quam</span> <span class='ocrx_word' id='word_1_79' title='bbox 1057 1181 1366 1264; x_wconf 85' lang='lat' dir='ltr'>solebam3</span> <span class='ocrx_word' id='word_1_80' title='bbox 1428 1201 1588 1264; x_wconf 89' lang='lat' dir='ltr'>opus</span> <span class='ocrx_word' id='word_1_81' title='bbox 1633 1183 1785 1243; x_wconf 89' lang='lat' dir='ltr'>erat.</span> <span class='ocrx_word' id='word_1_82' title='bbox 1877 1177 1947 1243; x_wconf 84' lang='lat' dir='ltr'>Si</span> <span class='ocrx_word' id='word_1_83' title='bbox 1989 1182 2057 1242; x_wconf 91' lang='lat' dir='ltr'>te</span> <span class='ocrx_word' id='word_1_84' title='bbox 2100 1178 2426 1261; x_wconf 88' lang='lat' dir='ltr'>haberem,</span> 
     </span>
    </p>
   </div>
   <div class='ocr_carea' id='block_1_7' title="bbox 406 1266 2428 1353">
    <p class='ocr_par' dir='ltr' id='par_1_8' title="bbox 406 1266 2428 1353">
     <span class='ocr_line' id='line_1_14' title="bbox 406 1266 2428 1353; baseline -0.002 -20"><span class='ocrx_word' id='word_1_85' title='bbox 406 1270 730 1353; x_wconf 82' lang='lat' dir='ltr'>paulisper</span> <span class='ocrx_word' id='word_1_86' title='bbox 765 1269 965 1332; x_wconf 91' lang='lat' dir='ltr'>fabris</span> <span class='ocrx_word' id='word_1_87' title='bbox 999 1270 1213 1332; x_wconf 92' lang='lat' dir='ltr'>locum</span> <span class='ocrx_word' id='word_1_88' title='bbox 1252 1268 1484 1332; x_wconf 90' lang='lat' dir='ltr'>darem.</span> <span class='ocrx_word' id='word_1_89' title='bbox 1567 1266 1694 1331; x_wconf 88' lang='lat' dir='ltr'>Sed</span> <span class='ocrx_word' id='word_1_90' title='bbox 1731 1266 1851 1352; x_wconf 92' lang='lat' dir='ltr'>[et]</span> <span class='ocrx_word' id='word_1_91' title='bbox 1888 1268 2062 1351; x_wconf 90' lang='lat' dir='ltr'>haec,</span> <span class='ocrx_word' id='word_1_92' title='bbox 2109 1269 2184 1329; x_wconf 92' lang='lat' dir='ltr'>ut</span> <span class='ocrx_word' id='word_1_93' title='bbox 2221 1288 2428 1350; x_wconf 80' lang='lat' dir='ltr'>spem,</span> 
     </span>
    </p>
   </div>
   <div class='ocr_carea' id='block_1_8' title="bbox 336 1353 2428 1424">
    <p class='ocr_par' dir='ltr' id='par_1_9' title="bbox 336 1353 2428 1424">
     <span class='ocr_line' id='line_1_15' title="bbox 336 1353 2428 1424; baseline -0.003 -1"><span class='ocrx_word' id='word_1_94' title='bbox 336 1376 371 1424; x_wconf 85' lang='lat'>4</span> <span class='ocrx_word' id='word_1_95' title='bbox 407 1358 588 1422; x_wconf 84' lang='lat' dir='ltr'>brevi</span> <span class='ocrx_word' id='word_1_96' title='bbox 633 1358 803 1421; x_wconf 90' lang='lat' dir='ltr'>inter</span> <span class='ocrx_word' id='word_1_97' title='bbox 847 1378 965 1420; x_wconf 91' lang='lat' dir='ltr'>nos</span> <span class='ocrx_word' id='word_1_98' title='bbox 1001 1356 1627 1420; x_wconf 80' lang='lat' dir='ltr'>communicabimus,</span> <span class='ocrx_word' id='word_1_99' title='bbox 1682 1355 1811 1419; x_wconf 88' lang='lat' dir='ltr'>Res</span> <span class='ocrx_word' id='word_1_100' title='bbox 1848 1358 2061 1419; x_wconf 92' lang='lat' dir='ltr'>autem</span> <span class='ocrx_word' id='word_1_101' title='bbox 2096 1353 2428 1418; x_wconf 83' lang='lat' dir='ltr'>Romanae</span> 
     </span>
    </p>
   </div>
   <div class='ocr_carea' id='block_1_9' title="bbox 406 1443 2500 3553">
    <p class='ocr_par' dir='ltr' id='par_1_10' title="bbox 406 1443 2500 3553">
     <span class='ocr_line' id='line_1_16' title="bbox 409 1443 2431 1530; baseline -0.001 -22"><span class='ocrx_word' id='word_1_102' title='bbox 409 1467 543 1508; x_wconf 89' lang='lat' dir='ltr'>sese</span> <span class='ocrx_word' id='word_1_103' title='bbox 589 1446 680 1509; x_wconf 84' lang='lat' dir='ltr'>sic</span> <span class='ocrx_word' id='word_1_104' title='bbox 723 1444 989 1509; x_wconf 86' lang='lat' dir='ltr'>habent:</span> <span class='ocrx_word' id='word_1_105' title='bbox 1037 1443 1274 1508; x_wconf 89' lang='lat' dir='ltr'>Consul</span> <span class='ocrx_word' id='word_1_106' title='bbox 1322 1447 1418 1508; x_wconf 92' lang='lat' dir='ltr'>est</span> <span class='ocrx_word' id='word_1_107' title='bbox 1456 1444 1749 1530; x_wconf 87' lang='lat' dir='ltr'>egregius</span> <span class='ocrx_word' id='word_1_108' title='bbox 1784 1443 2095 1507; x_wconf 74' lang='lat' dir='ltr'>Lentulus</span> <span class='ocrx_word' id='word_1_109' title='bbox 2140 1464 2278 1506; x_wconf 93' lang='lat' dir='ltr'>non</span> <span class='ocrx_word' id='word_1_110' title='bbox 2315 1443 2431 1506; x_wconf 91' lang='lat' dir='ltr'>im-</span> 
     </span>
     <span class='ocr_line' id='line_1_17' title="bbox 407 1531 2500 1619; baseline -0.001 -24"><span class='ocrx_word' id='word_1_111' title='bbox 407 1533 704 1617; x_wconf 90' lang='lat' dir='ltr'>pediente</span> <span class='ocrx_word' id='word_1_112' title='bbox 741 1534 1002 1619; x_wconf 85' lang='lat' dir='ltr'>collega,</span> <span class='ocrx_word' id='word_1_113' title='bbox 1049 1533 1157 1617; x_wconf 89' lang='lat' dir='ltr'>sic,</span> <span class='ocrx_word' id='word_1_114' title='bbox 1201 1533 1483 1617; x_wconf 87' lang='lat' dir='ltr'>inquam,</span> <span class='ocrx_word' id='word_1_115' title='bbox 1528 1532 1753 1616; x_wconf 88' lang='lat' dir='ltr'>bonus,</span> <span class='ocrx_word' id='word_1_116' title='bbox 1798 1535 1873 1595; x_wconf 89' lang='lat' dir='ltr'>ut</span> <span class='ocrx_word' id='word_1_117' title='bbox 1914 1531 2251 1595; x_wconf 91' lang='lat' dir='ltr'>meliorem</span> <span class='ocrx_word' id='word_1_118' title='bbox 2297 1552 2431 1594; x_wconf 89' lang='lat' dir='ltr'>non</span> <span class='ocrx_word' id='word_1_119' title='bbox 2453 1547 2500 1585; x_wconf 83' lang='lat'>15</span> 
     </span>
     <span class='ocr_line' id='line_1_18' title="bbox 406 1619 2429 1705; baseline -0.001 -21"><span class='ocrx_word' id='word_1_120' title='bbox 406 1621 694 1684; x_wconf 84' lang='lat' dir='ltr'>viderim.</span> <span class='ocrx_word' id='word_1_121' title='bbox 784 1619 939 1684; x_wconf 88' lang='lat' dir='ltr'>Dies</span> <span class='ocrx_word' id='word_1_122' title='bbox 999 1620 1351 1683; x_wconf 88' lang='lat' dir='ltr'>comitiales</span> <span class='ocrx_word' id='word_1_123' title='bbox 1413 1620 1649 1684; x_wconf 86' lang='lat' dir='ltr'>exemit</span> <span class='ocrx_word' id='word_1_124' title='bbox 1708 1641 1958 1705; x_wconf 84' lang='lat' dir='ltr'>omnes;</span> <span class='ocrx_word' id='word_1_125' title='bbox 2018 1641 2170 1682; x_wconf 88' lang='lat' dir='ltr'>nam</span> <span class='ocrx_word' id='word_1_126' title='bbox 2234 1619 2429 1683; x_wconf 92' lang='lat' dir='ltr'>etiam</span> 
     </span>
     <span class='ocr_line' id='line_1_19' title="bbox 407 1707 2429 1793; baseline -0 -22"><span class='ocrx_word' id='word_1_127' title='bbox 407 1708 674 1772; x_wconf 88' lang='lat' dir='ltr'>Latinae</span> <span class='ocrx_word' id='word_1_128' title='bbox 711 1709 1174 1793; x_wconf 85' lang='lat' dir='ltr'>instaurantur3</span> <span class='ocrx_word' id='word_1_129' title='bbox 1219 1730 1337 1772; x_wconf 89' lang='lat' dir='ltr'>nec</span> <span class='ocrx_word' id='word_1_130' title='bbox 1369 1712 1586 1772; x_wconf 86' lang='lat' dir='ltr'>tamen</span> <span class='ocrx_word' id='word_1_131' title='bbox 1614 1708 1875 1771; x_wconf 90' lang='lat' dir='ltr'>deerant</span> <span class='ocrx_word' id='word_1_132' title='bbox 1910 1707 2429 1791; x_wconf 73' lang='lat' dir='ltr'>supplicationes</span> 
     </span>
     <span class='ocr_line' id='line_1_20' title="bbox 411 1793 2431 1883; baseline -0.001 -22"><span class='ocrx_word' id='word_1_133' title='bbox 411 1796 517 1861; x_wconf 85' lang='lat' dir='ltr'>Sic</span> <span class='ocrx_word' id='word_1_134' title='bbox 551 1796 804 1883; x_wconf 89' lang='lat' dir='ltr'>legibus</span> <span class='ocrx_word' id='word_1_135' title='bbox 840 1796 1396 1881; x_wconf 85' lang='lat' dir='ltr'>perniciosissimis</span> <span class='ocrx_word' id='word_1_136' title='bbox 1434 1796 1785 1879; x_wconf 89' lang='lat' dir='ltr'>obsistitur,</span> <span class='ocrx_word' id='word_1_137' title='bbox 1828 1796 2107 1859; x_wconf 89' lang='lat' dir='ltr'>maxime</span> <span class='ocrx_word' id='word_1_138' title='bbox 2144 1793 2431 1879; x_wconf 74' lang='lat' dir='ltr'>CatoniS,</span> 
     </span>
     <span class='ocr_line' id='line_1_21' title="bbox 410 1882 2431 1971; baseline -0.001 -22"><span class='ocrx_word' id='word_1_139' title='bbox 410 1886 512 1949; x_wconf 91' lang='lat' dir='ltr'>cui</span> <span class='ocrx_word' id='word_1_140' title='bbox 574 1889 790 1949; x_wconf 90' lang='lat' dir='ltr'>tamen</span> <span class='ocrx_word' id='word_1_141' title='bbox 853 1885 1108 1971; x_wconf 85' lang='lat' dir='ltr'>egregie</span> <span class='ocrx_word' id='word_1_142' title='bbox 1170 1884 1480 1968; x_wconf 89' lang='lat' dir='ltr'>imposuit</span> <span class='ocrx_word' id='word_1_143' title='bbox 1540 1883 1700 1948; x_wconf 91' lang='lat' dir='ltr'>Milo</span> <span class='ocrx_word' id='word_1_144' title='bbox 1756 1888 1990 1948; x_wconf 89' lang='lat' dir='ltr'>noster.</span> <span class='ocrx_word' id='word_1_145' title='bbox 2078 1882 2255 1948; x_wconf 87' lang='lat' dir='ltr'>Nam</span> <span class='ocrx_word' id='word_1_146' title='bbox 2320 1884 2431 1947; x_wconf 88' lang='lat' dir='ltr'>ille</span> 
     </span>
     <span class='ocr_line' id='line_1_22' title="bbox 407 1970 2499 2061; baseline -0 -24"><span class='ocrx_word' id='word_1_147' title='bbox 407 1974 642 2037; x_wconf 84' lang='lat' dir='ltr'>vindex</span> <span class='ocrx_word' id='word_1_148' title='bbox 686 1974 1116 2061; x_wconf 84' lang='lat' dir='ltr'>gladiatorum</span> <span class='ocrx_word' id='word_1_149' title='bbox 1170 1976 1233 2037; x_wconf 92' lang='lat' dir='ltr'>et</span> <span class='ocrx_word' id='word_1_150' title='bbox 1293 1973 1743 2037; x_wconf 88' lang='lat' dir='ltr'>bestiariorum</span> <span class='ocrx_word' id='word_1_151' title='bbox 1788 1975 2029 2037; x_wconf 88' lang='lat' dir='ltr'>emerat</span> <span class='ocrx_word' id='word_1_152' title='bbox 2072 1971 2150 2034; x_wconf 93' lang='lat' dir='ltr'>de</span> <span class='ocrx_word' id='word_1_153' title='bbox 2198 1970 2431 2036; x_wconf 90' lang='lat' dir='ltr'>Cosco-</span> <span class='ocrx_word' id='word_1_154' title='bbox 2454 1990 2499 2027; x_wconf 81' lang='lat'>2⁰</span> 
     </span>
     <span class='ocr_line' id='line_1_23' title="bbox 406 2054 2433 2145; baseline -0.001 -21"><span class='ocrx_word' id='word_1_155' title='bbox 406 2063 516 2125; x_wconf 89' lang='lat' dir='ltr'>nio</span> <span class='ocrx_word' id='word_1_156' title='bbox 574 2066 637 2126; x_wconf 90' lang='lat' dir='ltr'>et</span> <span class='ocrx_word' id='word_1_157' title='bbox 688 2061 1048 2145; x_wconf 91' lang='lat' dir='ltr'>Pomponio</span> <span class='ocrx_word' id='word_1_158' title='bbox 1067 2054 1441 2124; x_wconf 79' lang='lat' dir='ltr'>&#39;bestiarios</span> <span class='ocrx_word' id='word_1_159' title='bbox 1495 2081 1611 2125; x_wconf 89' lang='lat' dir='ltr'>nec</span> <span class='ocrx_word' id='word_1_160' title='bbox 1665 2060 1801 2125; x_wconf 91' lang='lat' dir='ltr'>sine</span> <span class='ocrx_word' id='word_1_161' title='bbox 1854 2060 1936 2125; x_wconf 90' lang='lat' dir='ltr'>iis</span> <span class='ocrx_word' id='word_1_162' title='bbox 1980 2060 2247 2124; x_wconf 86' lang='lat' dir='ltr'>armatis</span> <span class='ocrx_word' id='word_1_163' title='bbox 2294 2082 2433 2123; x_wconf 90' lang='lat' dir='ltr'>um-</span> 
     </span>
     <span class='ocr_line' id='line_1_24' title="bbox 409 2147 2431 2233; baseline -0 -20"><span class='ocrx_word' id='word_1_164' title='bbox 409 2171 601 2232; x_wconf 90' lang='lat' dir='ltr'>quam</span> <span class='ocrx_word' id='word_1_165' title='bbox 646 2149 715 2212; x_wconf 91' lang='lat' dir='ltr'>in</span> <span class='ocrx_word' id='word_1_166' title='bbox 761 2150 1021 2233; x_wconf 93' lang='lat' dir='ltr'>publico</span> <span class='ocrx_word' id='word_1_167' title='bbox 1067 2149 1291 2213; x_wconf 88' lang='lat' dir='ltr'>fuerat.</span> <span class='ocrx_word' id='word_1_168' title='bbox 1362 2147 1502 2211; x_wconf 89' lang='lat' dir='ltr'>Hos</span> <span class='ocrx_word' id='word_1_169' title='bbox 1540 2149 1707 2212; x_wconf 90' lang='lat' dir='ltr'>alere</span> <span class='ocrx_word' id='word_1_170' title='bbox 1741 2170 1872 2211; x_wconf 88' lang='lat' dir='ltr'>non</span> <span class='ocrx_word' id='word_1_171' title='bbox 1916 2151 2171 2232; x_wconf 91' lang='lat' dir='ltr'>poterat</span> <span class='ocrx_word' id='word_1_172' title='bbox 2207 2148 2431 2232; x_wconf 89' lang='lat' dir='ltr'>itaque</span> 
     </span>
     <span class='ocr_line' id='line_1_25' title="bbox 408 2236 2429 2320; baseline 0 -21"><span class='ocrx_word' id='word_1_173' title='bbox 408 2237 518 2300; x_wconf 85' lang='lat' dir='ltr'>vix</span> <span class='ocrx_word' id='word_1_174' title='bbox 562 2237 836 2301; x_wconf 89' lang='lat' dir='ltr'>tenebat.</span> <span class='ocrx_word' id='word_1_175' title='bbox 929 2236 1139 2301; x_wconf 84' lang='lat' dir='ltr'>Sensit</span> <span class='ocrx_word' id='word_1_176' title='bbox 1184 2236 1372 2320; x_wconf 81' lang='lat' dir='ltr'>Mil03</span> <span class='ocrx_word' id='word_1_177' title='bbox 1431 2236 1607 2299; x_wconf 87' lang='lat' dir='ltr'>dedit</span> <span class='ocrx_word' id='word_1_178' title='bbox 1651 2237 1901 2300; x_wconf 85' lang='lat' dir='ltr'>cuidam</span> <span class='ocrx_word' id='word_1_179' title='bbox 1946 2258 2075 2300; x_wconf 92' lang='lat' dir='ltr'>non</span> <span class='ocrx_word' id='word_1_180' title='bbox 2122 2236 2429 2300; x_wconf 87' lang='lat' dir='ltr'>familiari</span> 
     </span>
     <span class='ocr_line' id='line_1_26' title="bbox 407 2324 2431 2409; baseline 0 -22"><span class='ocrx_word' id='word_1_181' title='bbox 407 2324 766 2409; x_wconf 86' lang='lat' dir='ltr'>negotium,</span> <span class='ocrx_word' id='word_1_182' title='bbox 822 2326 934 2407; x_wconf 90' lang='lat' dir='ltr'>qui</span> <span class='ocrx_word' id='word_1_183' title='bbox 979 2325 1115 2388; x_wconf 89' lang='lat' dir='ltr'>sine</span> <span class='ocrx_word' id='word_1_184' title='bbox 1160 2324 1519 2407; x_wconf 88' lang='lat' dir='ltr'>suspicione</span> <span class='ocrx_word' id='word_1_185' title='bbox 1564 2328 1803 2389; x_wconf 89' lang='lat' dir='ltr'>emeret</span> <span class='ocrx_word' id='word_1_186' title='bbox 1846 2346 1984 2388; x_wconf 88' lang='lat' dir='ltr'>eam</span> <span class='ocrx_word' id='word_1_187' title='bbox 2030 2324 2349 2388; x_wconf 87' lang='lat' dir='ltr'>familiam</span> <span class='ocrx_word' id='word_1_188' title='bbox 2394 2347 2431 2387; x_wconf 88' lang='lat' dir='ltr'>a</span> 
     </span>
     <span class='ocr_line' id='line_1_27' title="bbox 410 2410 2497 2497; baseline 0 -22"><span class='ocrx_word' id='word_1_189' title='bbox 410 2410 667 2476; x_wconf 90' lang='lat' dir='ltr'>Catone.</span> <span class='ocrx_word' id='word_1_190' title='bbox 759 2410 933 2487; x_wconf 85' lang='lat' dir='ltr'>Quae</span> <span class='ocrx_word' id='word_1_191' title='bbox 979 2412 1171 2475; x_wconf 90' lang='lat' dir='ltr'>simul</span> <span class='ocrx_word' id='word_1_192' title='bbox 1214 2417 1406 2495; x_wconf 88' lang='lat' dir='ltr'>atque</span> <span class='ocrx_word' id='word_1_193' title='bbox 1452 2412 1727 2476; x_wconf 88' lang='lat' dir='ltr'>abducta</span> <span class='ocrx_word' id='word_1_194' title='bbox 1772 2416 1893 2497; x_wconf 85' lang='lat' dir='ltr'>est,</span> <span class='ocrx_word' id='word_1_195' title='bbox 1951 2411 2267 2497; x_wconf 77' lang='lat' dir='ltr'>Racilius,</span> <span class='ocrx_word' id='word_1_196' title='bbox 2315 2414 2427 2496; x_wconf 89' lang='lat' dir='ltr'>qui</span> <span class='ocrx_word' id='word_1_197' title='bbox 2454 2428 2497 2467; x_wconf 84' lang='lat'>25</span> 
     </span>
     <span class='ocr_line' id='line_1_28' title="bbox 408 2500 2429 2585; baseline -0 -20"><span class='ocrx_word' id='word_1_198' title='bbox 408 2522 573 2565; x_wconf 88' lang='lat' dir='ltr'>unus</span> <span class='ocrx_word' id='word_1_199' title='bbox 618 2503 716 2565; x_wconf 88' lang='lat' dir='ltr'>est</span> <span class='ocrx_word' id='word_1_200' title='bbox 758 2500 882 2563; x_wconf 88' lang='lat' dir='ltr'>hoc</span> <span class='ocrx_word' id='word_1_201' title='bbox 925 2503 1214 2585; x_wconf 88' lang='lat' dir='ltr'>tempore</span> <span class='ocrx_word' id='word_1_202' title='bbox 1258 2501 1559 2565; x_wconf 90' lang='lat' dir='ltr'>tribunus</span> <span class='ocrx_word' id='word_1_203' title='bbox 1600 2501 1707 2585; x_wconf 91' lang='lat' dir='ltr'>pl.,</span> <span class='ocrx_word' id='word_1_204' title='bbox 1765 2522 1902 2564; x_wconf 91' lang='lat' dir='ltr'>rem</span> <span class='ocrx_word' id='word_1_205' title='bbox 1943 2501 2251 2584; x_wconf 91' lang='lat' dir='ltr'>patefecit</span> <span class='ocrx_word' id='word_1_206' title='bbox 2296 2522 2429 2564; x_wconf 86' lang='lat' dir='ltr'>eos-</span> 
     </span>
     <span class='ocr_line' id='line_1_29' title="bbox 409 2586 2429 2675; baseline 0 -22"><span class='ocrx_word' id='word_1_207' title='bbox 409 2611 533 2673; x_wconf 91' lang='lat' dir='ltr'>que</span> <span class='ocrx_word' id='word_1_208' title='bbox 574 2588 868 2652; x_wconf 89' lang='lat' dir='ltr'>homines</span> <span class='ocrx_word' id='word_1_209' title='bbox 915 2588 1040 2652; x_wconf 88' lang='lat' dir='ltr'>sibi</span> <span class='ocrx_word' id='word_1_210' title='bbox 1095 2592 1345 2673; x_wconf 88' lang='lat' dir='ltr'>emptos</span> <span class='ocrx_word' id='word_1_211' title='bbox 1390 2610 1525 2652; x_wconf 87' lang='lat' dir='ltr'>esse</span> <span class='ocrx_word' id='word_1_212' title='bbox 1584 2589 1747 2651; x_wconf 86' lang='lat' dir='ltr'>dixit</span> <span class='ocrx_word' id='word_1_213' title='bbox 1795 2586 1915 2675; x_wconf 89' lang='lat' dir='ltr'>(sic</span> <span class='ocrx_word' id='word_1_214' title='bbox 1960 2589 2133 2652; x_wconf 89' lang='lat' dir='ltr'>enim</span> <span class='ocrx_word' id='word_1_215' title='bbox 2178 2589 2429 2671; x_wconf 88' lang='lat' dir='ltr'>placue-</span> 
     </span>
     <span class='ocr_line' id='line_1_30' title="bbox 409 2674 2429 2763; baseline -0 -23"><span class='ocrx_word' id='word_1_216' title='bbox 409 2674 537 2763; x_wconf 87' lang='lat' dir='ltr'>rat)</span> <span class='ocrx_word' id='word_1_217' title='bbox 602 2681 666 2741; x_wconf 89' lang='lat' dir='ltr'>et</span> <span class='ocrx_word' id='word_1_218' title='bbox 728 2676 1014 2740; x_wconf 90' lang='lat' dir='ltr'>tabulam</span> <span class='ocrx_word' id='word_1_219' title='bbox 1076 2677 1455 2761; x_wconf 85' lang='lat' dir='ltr'>proscripsit</span> <span class='ocrx_word' id='word_1_220' title='bbox 1517 2698 1582 2741; x_wconf 85' lang='lat' dir='ltr'>se</span> <span class='ocrx_word' id='word_1_221' title='bbox 1640 2677 1951 2740; x_wconf 89' lang='lat' dir='ltr'>familiam</span> <span class='ocrx_word' id='word_1_222' title='bbox 2007 2676 2429 2751; x_wconf 82' lang='lat' dir='ltr'>Catonianam</span> 
     </span>
     <span class='ocr_line' id='line_1_31' title="bbox 407 2763 2429 2851; baseline -0 -21"><span class='ocrx_word' id='word_1_223' title='bbox 407 2765 832 2830; x_wconf 83' lang='lat' dir='ltr'>venditurum.</span> <span class='ocrx_word' id='word_1_224' title='bbox 920 2763 998 2829; x_wconf 90' lang='lat' dir='ltr'>In</span> <span class='ocrx_word' id='word_1_225' title='bbox 1053 2787 1191 2829; x_wconf 89' lang='lat' dir='ltr'>eam</span> <span class='ocrx_word' id='word_1_226' title='bbox 1249 2766 1537 2828; x_wconf 89' lang='lat' dir='ltr'>tabulam</span> <span class='ocrx_word' id='word_1_227' title='bbox 1589 2766 1810 2851; x_wconf 87' lang='lat' dir='ltr'>magni</span> <span class='ocrx_word' id='word_1_228' title='bbox 1867 2766 2032 2830; x_wconf 86' lang='lat' dir='ltr'>risus</span> <span class='ocrx_word' id='word_1_229' title='bbox 2086 2786 2429 2849; x_wconf 89' lang='lat' dir='ltr'>conseque-</span> 
     </span>
     <span class='ocr_line' id='line_1_32' title="bbox 408 2852 2497 2939; baseline 0 -23"><span class='ocrx_word' id='word_1_230' title='bbox 408 2853 658 2918; x_wconf 90' lang='lat' dir='ltr'>bantur.</span> <span class='ocrx_word' id='word_1_231' title='bbox 746 2852 939 2917; x_wconf 88' lang='lat' dir='ltr'>Hunc</span> <span class='ocrx_word' id='word_1_232' title='bbox 996 2853 1198 2939; x_wconf 90' lang='lat' dir='ltr'>igitur</span> <span class='ocrx_word' id='word_1_233' title='bbox 1243 2852 1553 2918; x_wconf 88' lang='lat' dir='ltr'>Catonem</span> <span class='ocrx_word' id='word_1_234' title='bbox 1596 2852 1907 2917; x_wconf 89' lang='lat' dir='ltr'>Lentulus</span> <span class='ocrx_word' id='word_1_235' title='bbox 1951 2875 1992 2916; x_wconf 91' lang='lat' dir='ltr'>a</span> <span class='ocrx_word' id='word_1_236' title='bbox 2031 2853 2294 2939; x_wconf 84' lang='lat' dir='ltr'>legibus</span> <span class='ocrx_word' id='word_1_237' title='bbox 2336 2875 2427 2917; x_wconf 88' lang='lat' dir='ltr'>re-</span> <span class='ocrx_word' id='word_1_238' title='bbox 2452 2869 2497 2908; x_wconf 75' lang='lat'>³⁰</span> 
     </span>
     <span class='ocr_line' id='line_1_33' title="bbox 406 2939 2427 3027; baseline 0 -23"><span class='ocrx_word' id='word_1_239' title='bbox 406 2941 612 3005; x_wconf 85' lang='lat' dir='ltr'>movit</span> <span class='ocrx_word' id='word_1_240' title='bbox 665 2945 730 3005; x_wconf 89' lang='lat' dir='ltr'>et</span> <span class='ocrx_word' id='word_1_241' title='bbox 783 2963 917 3025; x_wconf 77' lang='lat' dir='ltr'>e08,</span> <span class='ocrx_word' id='word_1_242' title='bbox 974 2942 1084 3024; x_wconf 90' lang='lat' dir='ltr'>qui</span> <span class='ocrx_word' id='word_1_243' title='bbox 1140 2942 1215 3004; x_wconf 91' lang='lat' dir='ltr'>de</span> <span class='ocrx_word' id='word_1_244' title='bbox 1263 2939 1529 3006; x_wconf 80' lang='lat' dir='ltr'>Caesare</span> <span class='ocrx_word' id='word_1_245' title='bbox 1581 2945 1871 3005; x_wconf 88' lang='lat' dir='ltr'>monstra</span> <span class='ocrx_word' id='word_1_246' title='bbox 1914 2942 2427 3027; x_wconf 88' lang='lat' dir='ltr'>promulgarunt,</span> 
     </span>
     <span class='ocr_line' id='line_1_34' title="bbox 409 3028 2426 3114; baseline 0 -23"><span class='ocrx_word' id='word_1_247' title='bbox 409 3029 642 3112; x_wconf 86' lang='lat' dir='ltr'>quibus</span> <span class='ocrx_word' id='word_1_248' title='bbox 701 3029 1120 3093; x_wconf 87' lang='lat' dir='ltr'>intercederet</span> <span class='ocrx_word' id='word_1_249' title='bbox 1177 3048 1383 3092; x_wconf 92' lang='lat' dir='ltr'>nem0.</span> <span class='ocrx_word' id='word_1_250' title='bbox 1486 3028 1688 3113; x_wconf 88' lang='lat' dir='ltr'>Nam,</span> <span class='ocrx_word' id='word_1_251' title='bbox 1752 3029 1925 3113; x_wconf 88' lang='lat' dir='ltr'>quod</span> <span class='ocrx_word' id='word_1_252' title='bbox 1983 3029 2059 3093; x_wconf 90' lang='lat' dir='ltr'>de</span> <span class='ocrx_word' id='word_1_253' title='bbox 2116 3028 2426 3114; x_wconf 90' lang='lat' dir='ltr'>Pompeio</span> 
     </span>
     <span class='ocr_line' id='line_1_35' title="bbox 411 3115 2427 3203; baseline 0 -24"><span class='ocrx_word' id='word_1_254' title='bbox 411 3115 715 3180; x_wconf 87' lang='lat' dir='ltr'>Caninius</span> <span class='ocrx_word' id='word_1_255' title='bbox 775 3118 936 3203; x_wconf 88' lang='lat' dir='ltr'>agit,</span> <span class='ocrx_word' id='word_1_256' title='bbox 997 3139 1145 3180; x_wconf 86' lang='lat' dir='ltr'>sane</span> <span class='ocrx_word' id='word_1_257' title='bbox 1205 3139 1398 3199; x_wconf 90' lang='lat' dir='ltr'>quam</span> <span class='ocrx_word' id='word_1_258' title='bbox 1456 3118 1725 3181; x_wconf 86' lang='lat' dir='ltr'>refrixit.</span> <span class='ocrx_word' id='word_1_259' title='bbox 1814 3117 2041 3200; x_wconf 87' lang='lat' dir='ltr'>Neque</span> <span class='ocrx_word' id='word_1_260' title='bbox 2101 3118 2279 3181; x_wconf 89' lang='lat' dir='ltr'>enim</span> <span class='ocrx_word' id='word_1_261' title='bbox 2330 3138 2427 3180; x_wconf 88' lang='lat' dir='ltr'>res</span> 
     </span>
     <span class='ocr_line' id='line_1_36' title="bbox 407 3204 2425 3288; baseline 0 -21"><span class='ocrx_word' id='word_1_262' title='bbox 407 3205 750 3288; x_wconf 90' lang='lat' dir='ltr'>probatur,</span> <span class='ocrx_word' id='word_1_263' title='bbox 809 3208 873 3268; x_wconf 91' lang='lat' dir='ltr'>et</span> <span class='ocrx_word' id='word_1_264' title='bbox 925 3204 1271 3288; x_wconf 88' lang='lat' dir='ltr'>Pompeius</span> <span class='ocrx_word' id='word_1_265' title='bbox 1325 3208 1543 3268; x_wconf 90' lang='lat' dir='ltr'>noster</span> <span class='ocrx_word' id='word_1_266' title='bbox 1595 3206 1663 3269; x_wconf 92' lang='lat' dir='ltr'>in</span> <span class='ocrx_word' id='word_1_267' title='bbox 1718 3206 2001 3269; x_wconf 91' lang='lat' dir='ltr'>amicitia</span> <span class='ocrx_word' id='word_1_268' title='bbox 2050 3204 2123 3268; x_wconf 91' lang='lat' dir='ltr'>P.</span> <span class='ocrx_word' id='word_1_269' title='bbox 2170 3204 2425 3269; x_wconf 89' lang='lat' dir='ltr'>Lentuli</span> 
     </span>
     <span class='ocr_line' id='line_1_37' title="bbox 408 3292 2491 3377; baseline 0.001 -23"><span class='ocrx_word' id='word_1_270' title='bbox 408 3293 809 3375; x_wconf 86' lang='lat' dir='ltr'>vituperatur</span> <span class='ocrx_word' id='word_1_271' title='bbox 854 3296 917 3356; x_wconf 90' lang='lat' dir='ltr'>et</span> <span class='ocrx_word' id='word_1_272' title='bbox 960 3293 1220 3357; x_wconf 90' lang='lat' dir='ltr'>hercule</span> <span class='ocrx_word' id='word_1_273' title='bbox 1264 3315 1396 3356; x_wconf 89' lang='lat' dir='ltr'>non</span> <span class='ocrx_word' id='word_1_274' title='bbox 1442 3297 1537 3357; x_wconf 90' lang='lat' dir='ltr'>est</span> <span class='ocrx_word' id='word_1_275' title='bbox 1582 3294 1768 3357; x_wconf 90' lang='lat' dir='ltr'>idem.</span> <span class='ocrx_word' id='word_1_276' title='bbox 1857 3292 2029 3359; x_wconf 87' lang='lat' dir='ltr'>Nam</span> <span class='ocrx_word' id='word_1_277' title='bbox 2075 3294 2249 3377; x_wconf 88' lang='lat' dir='ltr'>apud</span> <span class='ocrx_word' id='word_1_278' title='bbox 2292 3315 2425 3377; x_wconf 88' lang='lat' dir='ltr'>per·</span> <span class='ocrx_word' id='word_1_279' title='bbox 2446 3308 2491 3346; x_wconf 73' lang='lat'>⁸⁵</span> 
     </span>
     <span class='ocr_line' id='line_1_38' title="bbox 410 3378 2425 3466; baseline 0.001 -24"><span class='ocrx_word' id='word_1_280' title='bbox 410 3378 788 3443; x_wconf 87' lang='lat' dir='ltr'>ditissimam</span> <span class='ocrx_word' id='word_1_281' title='bbox 834 3380 1013 3443; x_wconf 89' lang='lat' dir='ltr'>illam</span> <span class='ocrx_word' id='word_1_282' title='bbox 1051 3384 1240 3463; x_wconf 89' lang='lat' dir='ltr'>atque</span> <span class='ocrx_word' id='word_1_283' title='bbox 1285 3381 1574 3445; x_wconf 88' lang='lat' dir='ltr'>infimam</span> <span class='ocrx_word' id='word_1_284' title='bbox 1610 3383 1849 3445; x_wconf 87' lang='lat' dir='ltr'>faecem</span> <span class='ocrx_word' id='word_1_285' title='bbox 1893 3382 2121 3466; x_wconf 90' lang='lat' dir='ltr'>populi</span> <span class='ocrx_word' id='word_1_286' title='bbox 2165 3386 2425 3466; x_wconf 86' lang='lat' dir='ltr'>propter</span> 
     </span>
     <span class='ocr_line' id='line_1_39' title="bbox 407 3464 2424 3553; baseline 0.002 -25"><span class='ocrx_word' id='word_1_287' title='bbox 407 3464 716 3531; x_wconf 89' lang='lat' dir='ltr'>Milonem</span> <span class='ocrx_word' id='word_1_288' title='bbox 761 3468 1177 3553; x_wconf 86' lang='lat' dir='ltr'>suboffendit,</span> <span class='ocrx_word' id='word_1_289' title='bbox 1231 3472 1295 3532; x_wconf 91' lang='lat' dir='ltr'>et</span> <span class='ocrx_word' id='word_1_290' title='bbox 1340 3469 1495 3533; x_wconf 91' lang='lat' dir='ltr'>boni</span> <span class='ocrx_word' id='word_1_291' title='bbox 1550 3471 1755 3534; x_wconf 89' lang='lat' dir='ltr'>multa</span> <span class='ocrx_word' id='word_1_292' title='bbox 1799 3470 1880 3534; x_wconf 91' lang='lat' dir='ltr'>ab</span> <span class='ocrx_word' id='word_1_293' title='bbox 1928 3490 2003 3534; x_wconf 90' lang='lat' dir='ltr'>eo</span> <span class='ocrx_word' id='word_1_294' title='bbox 2051 3471 2424 3553; x_wconf 88' lang='lat' dir='ltr'>desiderant,</span> 
     </span>
    </p>
   </div>
  </div>
 </body>
</html>
