2567 3884
182 197 188 203 ’
296 203 374 255 IV
923 206 1343 262 ADNOTATIO
1382 207 1677 262 CRITICA.

443 345 507 396 In
542 345 650 400 hac
687 347 1048 401 adnotatione
1091 346 1242 398 idem
1275 347 1598 401 institutum
1636 348 1795 403 tenui
1869 349 1982 403 uod
2017 349 2078 404 in
2112 350 2311 419 priori-

302 414 408 467 bus
444 415 834 486 voluminibus,
872 420 938 471 ut
970 417 1341 470 recenfiorum
1375 417 1667 487 editorum,
1712 418 1806 473 hic
1902 419 2131 488 aiteri,
2168 421 2311 475 We-

303 485 647 568 senbergi,
693 486 1236 554 Mendelssohni‚
1283 488 1653 542 Lehmanni
1700 492 1759 543 et
1792 489 2173 544 Andreseni
2208 491 2307 560 <VI

305 558 363 609 et
396 555 448 608 H
494 557 653 610 editt.
701 558 860 628 epist.
909 557 1005 611 sel.
1041 557 1364 626 Hofmanni)
1420 557 1761 613 differentias
1796 563 2049 614 notarem
2100 577 2309 630 omnes,

307 625 543 680 selectas
573 627 810 682 aliorum
837 629 926 698 (de
945 627 990 680 T
999 627 1249 696 yrrelli
1277 627 1522 682 editione
1550 629 1711 683 doleo
1736 646 1825 683 me
1853 647 1974 685 sero
2003 635 2309 701 cognosse),

305 713 416 749 non
453 700 518 751 ut
559 698 813 752 codicum
838 698 1138 752 varietates
1173 713 1568 767 enumerarem,
1604 699 1755 769 quod
1789 700 1929 754 mihi
1960 701 2309 771 propositum

305 766 479 821 fuisse
515 769 700 822 nescio
729 786 838 838 quo
864 771 1031 839 pacto
1059 767 1276 838 opinati
1302 769 1413 822 n'on
1440 787 1600 838 unus,
1638 771 1737 824 sed
1762 771 1929 824 multi
1954 771 2193 826 oblitum
2215 789 2310 826 me

306 854 425 891 esse
475 839 775 920 aliquando
823 839 1057 892 alicuius
1103 838 1310 892 codicis
1356 839 1688 908 scripturam
1724 840 1919 895 afferre
1964 845 2065 896 aut
2098 842 2309 896 similia

307 910 914 1061 saepehmtzlffiggffitlig’
940 979 1309 1050 epistularum
1352 979 1695 1034 ascribendis
1729 982 2141 1036 Mendelssohni
2188 984 2309 1036 ‘ta-

301 1050 465 1104 bulas
503 1051 948 1120 chronologicas'
991 1053 1212 1105 secutus
1249 1068 1373 1104 sum
1407 1050 1760 1120 paucissimis
1797 1052 2057 1122 exceptis.

443 1191 514 1246 P.
544 1191 601 1246 1.
641 1197 704 1244 12
742 1193 876 1260 quia
910 1190 1320 1259 Victor.‚Bait.,
1341 1192 1619 1259 Wesenb.,
1656 1194 1753 1260 qui
1787 1193 1944 1246 codd.
1982 1193 2122 1261 MR,
2158 1195 2305 1262 quod

305 1261 353 1315 G
387 1262 626 1316 fortasse
661 1263 836 1329 recte,
892 1262 1149 1329 quoniam
1183 1261 1470 1330 Cratand.,
1514 1261 1699 1316 Mend.
1775 1262 1885 1330 Qui
1918 1263 2185 1332 scriptum
2218 1263 2302 1316 in-

304 1332 525 1386 venitur
557 1348 659 1400 pro
695 1333 828 1400 quia
870 1349 924 1400 p.
956 1337 1039 1385 11.
1069 1337 1136 1384 30
1173 1331 1233 1384 in
1267 1332 1411 1400 MR,
1455 1338 1541 1385 41.
1571 1340 1606 1385 4
1640 1331 1701 1386 in
1737 1331 1869 1401 GR,
1913 1351 2013 1403 pro
2058 1335 2201 1402 quod
2242 1334 2303 1388 in

305 1402 354 1456 G
393 1408 510 1456 133.
543 1408 590 1469 7,
631 1407 750 1454 179.
777 1409 838 1470 4,
878 1419 978 1471 pro
1015 1404 1272 1470 quoniam
1306 1402 1365 1454 in
1401 1403 1444 1454 F
1480 1421 1534 1472 p.
1562 1409 1683 1456 444.
1713 1408 1797 1456 33.
1862 1403 1950 1457 Ad
1984 1423 2038 1474 p.
2067 1409 2187 1458 245.
2215 1411 2299 1474 15,

305 1479 424 1527 506.
455 1480 502 1527 9.
542 1505 610 1512 --
646 1472 726 1525 Ib.
765 1473 830 1526 de
866 1490 946 1527 me
982 1472 1088 1525 del.
1128 1471 1305 1526 Cobet
1337 1473 1690 1526 Mnemos.N.
1712 1473 1913 1527 svm
1942 1480 2079 1528 1880
2104 1493 2159 1544 p.
2182 1481 2299 1543 182,

294 1545 533 1613 perfecto
559 1545 740 1597 reditu
773 1560 886 1597 meo
923 1542 1062 1613 Spir.
1103 1542 1274 1596 Bases
1302 1543 1560 1596 Athenai.
1592 1548 1728 1597 1880
1754 1563 1807 1613 p.
1828 1550 1943 1597 155.
1981 1577 2049 1585 ——
2088 1551 2153 1598 13
2189 1562 2299 1616 eqo,

302 1616 435 1684 quia
471 1614 623 1681 edd.;
661 1612 730 1667 cf.
758 1632 812 1683 p.
832 1619 951 1666 402.
973 1620 1022 1681 3,
1058 1613 1246 1666 Plane.
1277 1619 1360 1666 23.
1391 1619 1458 1667 56
1494 1615 1625 1683 quia
1659 1623 1981 1684 neque—et
2014 1617 2157 1684 quod
2192 1618 2297 1670 etc.

302 1717 370 1726 —
409 1692 472 1738 21
513 1685 674 1738 etiam
710 1684 868 1737 codd.
907 1683 1028 1751 GR,
1065 1683 1212 1738 Bait.
1266 1687 1284 1752 ΙΙ
1347 1684 1418 1738 Ρ.
1447 1683 1507 1739 2.
1546 1691 1577 1737 2
1613 1685 1770 1740 cotid.
1808 1685 1953 1738 Med.
1991 1685 2299 1756 sexagiens,

303 1755 472 1810 semel
517 1753 758 1824 (saepius
796 1753 922 1823 GR)
968 1756 1146 1809 cottid.
1191 1773 1244 1823 p.
1275 1760 1394 1807 204.
1427 1760 1517 1822 16,
1573 1755 1743 1808 semel
1777 1757 1977 1824 quotid.
2015 1775 2068 1826 p.
2098 1762 2183 1810 26.
2212 1763 2296 1824 26,

301 1896 569 1950 librorum
607 1895 676 1948 de
713 1893 931 1964 legibus
961 1911 1010 1947 a.
1042 1899 1178 1948 1878
1206 1895 1347 1948 haec
1375 1894 1693 1949 scriberem:
1738 1894 1849 1948 ‘De
1877 1895 2036 1950 libris
2063 1897 2133 1949 de
2158 1896 2299 1966 legi-

299 1967 404 2020 bus
442 1965 650 2036 optime
693 1964 922 2018 meritus
969 1966 1055 2018 est
1100 1965 1208 2018 hac
1253 1967 1441 2018 aetate
1475 1965 1591 2017 Ioh.
1626 1964 1911 2019 Vahlenus
1958 1983 2085 2020 cum
2115 1967 2299 2021 denuo

301 2036 646 2091 excutiendis
684 2038 796 2105 opt.
827 2035 984 2088 codd.
1013 2034 1165 2088 Leid.
1194 2035 1243 2088 A
1271 2037 1332 2088 et
1356 2036 1417 2102 B,
1455 2038 1575 2089 tum
1610 2036 1971 2090 emendando.
2014 2036 2295 2091 Dissentio

302 2108 373 2161 ab
401 2124 467 2161 eo
495 2108 564 2160 de
593 2106 711 2160 cod.
730 2105 939 2173 Heius„
967 2121 1127 2173 quem
1159 2105 1257 2158 ille
1285 2108 1403 2159 tam
1424 2105 1582 2175 parvi
1599 2105 1754 2173 facit,
1784 2109 1849 2160 ut
1865 2122 1991 2160 raro
2010 2107 2128 2160 eius
2144 2124 2300 2161 men·

301 2178 511 2231 tionem
535 2176 750 2244 iniciat,
787 2192 901 2272 egoc
918 2192 1192 2244 nusquam
1216 2176 1627 2246 neglegendum
1654 2192 1867 2244 censeo,
1903 2178 2123 2245 nedum,
2151 2194 2297 2246 quae

305 2249 316 2258 .
558 2247 569 2259 .
1015 2246 1026 2256 .
1089 2246 1102 2256 .
1428 2248 1443 2272 ‚
1789 2248 1804 2273 ‚
1904 2246 1915 2258 .
1964 2247 1975 2258 .
2195 2247 2207 2258 .

299 2267 370 2373 {1⁸2
385 2246 1797 2387 {tt-’33„2²{¹210{1:2ffl333010fnffffissaffisssffissssssss
1812 2247 2297 2386 Ῥιὼηήωῖῗὲἓέἒί

299 2393 389 2443 tus
437 2406 602 2443 eram.
677 2387 916 2441 Tantam
967 2387 1374 2457 impudentiam
1425 2404 1540 2441 non
1581 2386 1717 2441 tulit
1757 2386 2019 2441 Iohannis
2053 2387 2296 2442 Vahleni

299 2459 575 2530 probitas:
619 2459 718 2511 ‘ne
755 2458 890 2526 quid
925 2457 1181 2527 propriae
1214 2457 1437 2511 virtutis
1476 2458 1667 2512 deesse
1704 2456 1997 2525 videretur,
2036 2475 2148 2512 non
2184 2475 2299 2512 uno

298 2530 520 2584 nomine
564 2528 792 2582 veritati
833 2529 1233 2598 repugnantia'
1281 2545 1371 2582 me
1419 2529 1435 2554 ‘
1450 2546 1575 2582 cum
1620 2527 2027 2581 obtrectatione
2076 2528 2289 2583 aliena'

299 2605 370 2682 (p.
409 2601 488 2654 XI
506 2602 608 2669 sq.)
647 2598 931 2668 scripsisse
968 2602 1026 2653 et
1065 2599 1434 2652 ‘dissensum'
1476 2615 1511 2652 a
1546 2615 1605 2652 se
1640 2614 1825 2651 meum
1863 2598 2016 2651 ‘cum
2053 2602 2299 2654 ostenta-

298 2676 452 2726 tione
487 2669 897 2741 pronuntiasse'
939 2671 1012 2739 (p.
1048 2669 1170 2740 XV)
1207 2672 1487 2737 autumat,
1524 2672 1591 2723 ut
1625 2684 1759 2722 suae
1800 2668 1817 2694 ‘
1830 2667 2097 2722 editionis
2130 2670 2297 2724 fidem

299 2745 358 2796 et
391 2760 552 2795 usum
588 2741 909 2794 everterem'
951 2742 1022 2808 (p.
1043 2740 1155 2810 XI).
1229 2739 1527 2793 Mentitum
1563 2755 1682 2793 esse
1718 2753 1807 2792 me
1842 2737 1926 2792 ita
1960 2741 2178 2810 probat,
2216 2742 2295 2808 ut,

299 2812 448 2882 quod
481 2811 620 2866 mihi
661 2811 887 2864 ‘rarum'
927 2809 1104 2863 visum
1143 2810 1219 2864 sit
1243 2813 1304 2863 et
1327 2827 1473 2863 nunc
1499 2809 1732 2876 videtur,
1768 2825 1955 2862 rarum
1981 2827 2102 2864 esse
2127 2811 2297 2879 neget

298 2887 370 2951 et,
407 2899 552 2952 quae
586 2881 706 2952 ipse
743 2881 1062 2951 scripserat:
1103 2880 1186 2933 ‘in
1218 2879 1471 2951 plurimis
1508 2898 1633 2934 cum
1665 2878 1954 2934 Vossianis
1991 2879 2289 2934 consentit'

299 2955 415 3008 cod.
453 2954 531 3022 H,
591 2952 764 3006 ‘alia'
806 2951 861 3022 (i.
891 2968 963 3019 e.‚
1000 2955 1067 3005 ut
1102 2951 1321 3022 opinor,
1371 2950 1432 3005 in
1468 2950 1671 3020 quibus
1706 2965 1818 3003 non
1855 2951 2134 3005 consentit
2168 2968 2295 3004 cum

295 3023 599 3091 VossianiS,
635 3023 672 3075 i.
703 3039 748 3076 e.
791 3023 956 3091 ‘quae
991 3022 1215 3092 propria
1249 3022 1469 3090 habet')
1508 3019 1760 3074 ‘arbitrio
1797 3025 2045 3075 correcta
2078 3021 2293 3088 habet',

295 3095 438 3148 falso
486 3110 576 3146 me
610 3092 892 3146 rettulisse
929 3096 1143 3162 arguat.
1209 3092 1515 3146 Tantarum
1549 3089 1885 3161 ineptiarum
1921 3091 1969 3145 si
2004 3091 2129 3160 quis
2166 3107 2295 3145 cau-

297 3182 416 3219 sam
451 3166 710 3234 quaerat,
753 3167 975 3232 praeter
1017 3163 1256 3216 hominis
1303 3162 1650 3216 stomachum
1692 3161 1906 3215 nullam
1942 3161 2111 3215 aliam
2145 3161 2297 3215 inve-

294 3236 402 3288 niri
446 3251 609 3306 posse
652 3237 788 3304 puto
832 3233 942 3287 nisi
986 3234 1157 3289 hanc:
1211 3233 1395 3288 noluit
1428 3231 1609 3286 verbis
1646 3248 1865 3302 quoque
1900 3231 2067 3286 fateri
2101 3231 2297 3300 videri,

295 3307 444 3375 quod
488 3323 600 3359 non
643 3308 867 3375 poterat
909 3321 1020 3358 non
1064 3321 1123 3358 re
1170 3304 1495 3371 concedere,
1546 3301 1751 3355 iniuria
1787 3301 2033 3356 codicem
2068 3302 2222 3356 Harl.
2261 3319 2297 3356 a

295 3395 353 3432 se
391 3379 559 3431 antea
593 3376 910 3446 neglectum
948 3391 1090 3442 esse:
1129 3375 1338 3428 etenim
1365 3389 1581 3428 omnem
1608 3371 1896 3426 Harleiani
1923 3372 2298 3427 differentiam

293 3449 352 3502 in
389 3449 474 3502 ed.
492 3448 545 3502 H
582 3446 790 3502 adiecit
823 3445 1054 3500 ridicule
1094 3461 1226 3498 sane
1263 3460 1497 3514 querens
1539 3441 1843 3496 ‘inutilium
1877 3444 2023 3500 mole
2060 3443 2299 3513 scriptu-

291 3537 478 3574 rarum
515 3518 936 3573 adnotationem
971 3516 1309 3586 spissatam'.
2190 3541 2194 3546 ·
