2567 3884
311 238 315 242 ῃ
356 151 484 215 528
1118 152 1631 207 EPISTULARUM

286 664 319 713 2
358 670 493 712 sam
538 648 758 731 inopia
801 649 1106 731 pecuniae
1151 648 1426 712 faciebat
1472 652 1536 711 et
1582 670 1869 711 annonae
1916 647 2163 711 caritas,
2228 646 2386 712 Non
2438 666 2463 703 5

284 3217 319 3263 4

355 293 589 359 Postea
651 298 801 359 sunt
863 296 1020 359 haec
1083 300 1256 359 acta·
1320 295 1488 361 Non.
1548 295 1704 379 Apr.
1766 299 2022 359 senatus
2084 294 2385 359 consulto

353 381 560 467 Pomp
563 384 664 448 610
707 384 978 467 pecunia
1024 383 1276 447 decreta
1321 385 1390 447 in
1436 406 1571 448 rem
1617 384 2103 447 frumentariam
2150 383 2235 446 ad
2268 382 2385 447 HS

359 468 612 559 {CCCC}-
662 471 788 536 Sed
815 471 1038 535 eodem
1076 473 1177 535 die
1205 472 1615 536 vehementer
1644 475 1859 536 actum
1886 472 1963 535 de
2000 492 2159 556 agro
2198 470 2388 535 Cam-

354 582 522 642 pano
561 561 837 624 clamore
883 564 1136 624 senatus
1180 582 1383 644 prope
1429 560 1793 623 contionali.
1866 558 2202 623 Acriorem
2241 581 2387 622 cau-

355 736 864 819 praetermittam
917 758 998 799 ne
1051 736 1214 799 illud
1268 736 1552 820 quidem.
1607 734 1692 799 M.
1738 735 2005 799 Furium
2060 734 2384 819 Flaccum,

358 825 639 907 equitem
696 823 1090 908 Romanum,
1157 824 1485 888 hominem
1537 846 1843 907 nequam,
1911 822 2265 907 Capitolini
2319 827 2387 887 et

361 911 772 977 Mercuriales
820 912 896 975 de
934 912 1204 1013 collegio
1252 913 1573 976 eiecerunt
1616 914 2015 995 praesentem
2062 912 2143 975 ad
2188 911 2384 996 pedes

359 1001 549 1064 unius
596 1001 900 1084 cuiusque
947 1001 1280 1065 iacentem.
1357 1000 1668 1063 Exiturus

493 1088 617 1172 [VI
665 1088 864 1171 1—3]
928 1114 989 1155 a.
1037 1089 1093 1152 d.
1140 1106 1267 1153 VIII
1319 1087 1471 1152 Idus
1516 1088 1773 1171 Apriles
1828 1088 2151 1172 sponsalia
2199 1086 2381 1151 Cras·
2410 1108 2455 1145 ιο

360 1177 563 1260 sipedi
607 1175 891 1261 praebui.
981 1176 1153 1241 Huic
1198 1176 1493 1241 convivio
1537 1198 1698 1261 puer
1744 1178 2025 1260 optimus
2034 1226 2052 1259 ,
2100 1174 2380 1251 Quintus

358 1269 509 1328 tuus
544 1286 866 1348 meusque,
913 1265 1086 1348 quod
1119 1266 1463 1349 perleviter
1500 1268 1856 1329 commotus
1892 1265 2118 1347 fuerat,
2158 1264 2381 1327 defuit.

359 1352 435 1416 A.
485 1353 541 1416 d.
587 1370 688 1416 VII
731 1351 883 1416 Idus
927 1353 1185 1437 Apriles
1229 1354 1377 1417 veni
1432 1353 1512 1416 ad
1558 1352 1868 1429 Quintum
1924 1374 2199 1435 eumque
2244 1352 2381 1415 vidi

358 1440 546 1524 plane
599 1441 950 1525 integrum,
1008 1442 1411 1525 multumque
1456 1442 1513 1505 is
1569 1462 1819 1504 mecum
1865 1462 2226 1504 sermonem
2271 1440 2382 1503 ha-

360 1529 503 1592 buit
539 1532 602 1592 et
636 1528 1102 1611 perhumanum
1141 1530 1217 1593 de
1245 1529 1579 1593 discordiis
1614 1529 1957 1593 mulierum
1992 1532 2378 1592 nostrarum.
2406 1547 2453 1585 15

360 1615 530 1692 Quid
575 1617 868 1699 quaeris?
913 1617 1078 1680 nihil
1122 1618 1430 1682 festivius.
1521 1616 1877 1701 Pomponia
1922 1620 2135 1680 autem
2184 1617 2381 1680 etiam

362 1705 437 1768 de
491 1709 556 1768 te
612 1708 834 1790 questa
888 1710 1009 1791 est3
1070 1706 1181 1769 sed
1231 1706 1390 1769 haec
1434 1727 1649 1769 coram
1702 1727 1977 1791 agemus
2068 1704 2129 1768 A
2176 1727 2381 1788 puero

361 1797 433 1857 ut
481 1793 755 1877 discessi,
801 1794 871 1857 in
917 1816 1129 1858 aream
1171 1797 1352 1858 tuam
1389 1794 1551 1857 veni.
1633 1792 1760 1857 Res
1806 1793 2117 1879 agebatur
2151 1794 2382 1856 multis

361 1882 802 1945 structoribus
875 1880 1247 1967 Longilium
1294 1880 2169 1965 redemptorem'cohortatus
2219 1903 2381 1945 sum.

360 1969 584 2034 Fidem
635 1970 798 2033 mihi
853 1970 1127 2034 faciebat
1182 1992 1248 2033 se
1303 1971 1466 2034 velle
1523 1970 1711 2034 nobis
1768 1970 2035 2052 placere.
2126 1968 2382 2033 Domus
2408 1988 2451 2025 20
2553 2026 2554 2075 ᾗ

361 2058 483 2121 erit
545 2059 832 2144 egregia3
904 2059 1108 2144 magis
1173 2058 1344 2122 enim
1409 2058 1581 2121 cerni
1643 2058 1772 2122 iam
1833 2061 2117 2141 poterat,
2183 2079 2382 2140 quam

362 2149 671 2229 quantum
717 2168 796 2210 ex
849 2147 1056 2210 forma
1109 2146 1571 2231 iudicabamus3
1626 2146 1907 2230 itemque
1951 2148 2174 2208 nostra
2222 2146 2382 2209 cele-

359 2232 516 2295 riter
561 2234 1029 2298 aedificabatur.
1120 2234 1218 2299 Eo
1267 2235 1369 2298 die
1416 2234 1633 2297 cenavi
1693 2234 1863 2317 apud
1908 2232 2379 2317 Crassipedem3

361 2324 617 2383 cenatus
654 2322 722 2383 in
757 2322 982 2386 hortos
1018 2323 1098 2386 ad
1131 2322 1511 2406 Pompeium
1546 2323 1772 2386 lectica
1805 2323 1973 2386 latus
2010 2344 2170 2385 sum.
2216 2321 2379 2385 Luci

359 2430 505 2471 eum
542 2410 879 2473 convenire
915 2432 1046 2473 non
1089 2415 1443 2495 potueram,
1490 2410 1663 2494 quod
1698 2411 1969 2495 afuerat3
2015 2409 2235 2474 videre
2272 2432 2380 2473 au-
2406 2427 2450 2466 25

358 2501 490 2560 tem
535 2497 860 2581 volebam,
906 2498 1080 2581 quod
1124 2521 1298 2563 eram
1341 2498 1651 2583 postridie
1695 2498 1904 2563 Roma
1949 2498 2268 2582 exituruS,
2314 2502 2380 2561 et

359 2586 531 2669 quod
583 2585 694 2649 ille
747 2586 816 2649 in
862 2583 1222 2651 Sardiniam
1275 2588 1401 2651 iter
1451 2587 1747 2650 habebat.
1835 2585 2185 2649 Hominem
2234 2607 2381 2649 6011-

356 2674 502 2737 veni
549 2678 613 2737 et
659 2674 739 2737 ab
788 2696 862 2737 eo
906 2675 1133 2758 petivi,
1195 2679 1267 2738 ut
1315 2697 1505 2758 quam
1558 2676 1839 2758 primum
1893 2678 1957 2738 te
1999 2674 2193 2737 nobis
2240 2674 2379 2737 red-

359 2761 550 2825 deret.
645 2761 878 2825 Statim
944 2762 1122 2826 dixit.
1214 2763 1375 2828 Erat
1438 2767 1651 2827 autem
1709 2764 1947 2846 iturus,
2012 2766 2085 2825 ut
2146 2762 2377 2845 aiebat,

357 2873 408 2912 a.
458 2850 513 2913 d.
559 2868 638 2913 111
680 2848 772 2913 Id.
817 2849 1049 2951 April,
1096 2853 1169 2914 ut
1215 2855 1326 2913 aut
1370 2851 1663 2915 Labrone
1710 2853 1822 2914 aut
1864 2849 2033 2914 Pisis
2080 2872 2376 2915 conscen-
2402 2868 2448 2905 8⁰
2552 2916 2554 2937 .

358 2938 548 3001 deret
640 2937 765 3022 Tu,
824 2939 914 3003 mi
968 2940 1191 3023 frater,
1251 2940 1443 3003 simul
1488 2943 1561 3003 ut
1606 2938 1716 3002 ille
1761 2938 2040 3022 venerit,
2099 2939 2375 3039 primam

355 3026 862 3112 navigationem,
936 3027 1087 3090 dum
1149 3027 1341 3092 modo
1407 3027 1635 3091 idonea
1706 3030 2052 3111 tempestas
2116 3026 2236 3111 sit,
2296 3049 2375 3090 ne

358 3114 662 3177 omiseris

490 3201 674 3285 [VII]
721 3201 798 3265 A.
852 3203 907 3265 (1.
962 3221 1010 3265 v
1011 3221 1037 3265 1
1079 3202 1232 3266 Idus
1285 3201 1491 3286 April.
1548 3206 1695 3267 ante
1752 3203 1960 3267 lucem
2017 3203 2189 3267 hanc
2248 3204 2374 3287 epi-

356 3290 586 3353 stolam
641 3291 987 3391 conscripsi
1045 3312 1343 3375 eramque
1389 3292 1457 3355 in
1503 3292 1758 3375 itinere,
1812 3295 1887 3355 ut
1932 3312 2007 3354 eo
2058 3290 2159 3355 die
2206 3291 2374 3391 apud
2398 3306 2443 3345 ³5

354 3376 423 3438 T.
470 3377 715 3441 Titium
760 3379 829 3442 in
873 3379 1216 3464 Anagnino
1263 3402 1617 3464 manerem,
1670 3379 1980 3463 postridie
2036 3383 2255 3443 autem
2307 3380 2374 3443 in

351 3461 608 3528 Laterio
648 3466 1029 3551 cogitabam,
1075 3468 1240 3551 inde,
1289 3489 1432 3532 cum
1477 3469 1547 3532 in
1582 3468 1883 3553 Arpinati
1921 3468 2205 3551 quinque
2245 3469 2373 3532 dies
