2567 3884
981 189 1198 243 LIBER
1232 189 1337 244 V11
1374 194 1605 244 29-31.
2179 189 2302 254 197

284 333 695 397 contulissem
754 335 820 396 et
877 332 1002 396 nisi
1059 333 1364 396 haberem
1424 333 1669 397 socium
1724 333 2083 398 studiorum
2134 355 2307 399 meo-

283 443 428 485 rum
479 420 772 485 Atticum
827 423 1136 485 nostrum.
1239 419 1436 485 Cuius
1492 420 1797 505 quoniam
1849 422 2185 507 proprium
2238 426 2305 486 te

284 530 418 573 esse
475 509 704 573 scribis
761 508 1081 592 mancipio
1141 512 1206 572 et
1258 530 1458 593 noxe,
1515 531 1731 573 meum
1789 512 2003 573 autem
2061 532 2180 574 usu
2239 514 2305 574 et

282 597 513 682 fructu,
559 599 897 661 contentus
932 596 1058 661 isto
1097 618 1254 660 sum.
1328 595 1405 659 Id
1450 597 1621 660 enim
1666 600 1763 660 est
1810 597 2114 681 cuiusque
2158 620 2304 682 pro-

229 702 257 744 5
281 684 525 769 prium,
587 705 714 769 quo
774 684 1044 768 quisque
1102 685 1342 748 fruitur
1400 688 1591 768 atque
1649 685 1873 750 utitur.
1963 685 2091 751 Sed
2145 686 2305 750 haec

282 773 440 836 alias
484 772 795 856 pluribus.

414 860 678 944 Acilius,
716 859 828 944 qui
864 859 932 922 in
971 857 1301 924 Graeciam
1341 880 1485 924 cum
1520 860 1887 946 legionibus
1920 860 2153 926 missus
2189 864 2304 946 est,
2339 877 2373 926 3

280 948 562 1012 maximo
622 968 767 1012 meo
827 947 1201 1012 beneficiost
1259 946 1392 1034 (bis
1446 948 1617 1011 enim
1672 952 1768 1012 est
1822 971 1861 1012 a
1914 970 2017 1012 me
2064 949 2303 1013 iudicio

282 1036 508 1120 capitis
562 1036 753 1099 rebus
799 1035 990 1100 salvis
1038 1034 1363 1122 defensus)
1417 1041 1482 1100 et
1526 1039 1624 1100 est
1676 1036 1872 1102 homo
1918 1058 2049 1100 non
2093 1037 2311 1124 ingra-

203 1144 256 1183 ιο
284 1127 388 1188 tus
443 1145 675 1207 meque
727 1123 1139 1188 vehementer
1184 1127 1496 1208 opservat.
1587 1121 1694 1189 Ad
1737 1145 1884 1189 eum
1931 1125 2009 1188 de
2051 1128 2116 1189 te
2164 1125 2305 1189 dili-

281 1212 655 1298 gentissime
700 1211 927 1295 scripsi
974 1233 1238 1296 eamque
1290 1212 1630 1296 epistulam
1677 1232 1822 1277 cum
1865 1213 1987 1276 hac
2031 1213 2307 1296 epistula

282 1300 600 1364 coniunxi.
691 1297 896 1375 Quam
941 1299 1050 1364 ille
1097 1321 1226 1383 quo
1270 1300 1464 1364 modo
1510 1300 1823 1385 acceperit
1869 1304 1935 1365 et
1980 1301 2136 1385 quid
2178 1300 2304 1365 tibi

279 1387 607 1471 pollicitus
651 1387 762 1473 sit,
806 1387 1002 1451 velim
1047 1387 1128 1451 ad
1171 1410 1274 1451 me
1318 1388 1577 1452 scribas.

1171 1613 1403 1682 XXXI.

199 1739 252 1780 1⁵
740 1735 854 1793 Ser.
893 1737 1101 1792 Romae
1143 1753 1213 1791 m.
1253 1735 1415 1792 Febr.
1462 1754 1515 1792 a.
1556 1739 1665 1792 710
1703 1739 1840 1807 (44).

935 1857 1191 1913 CICERO
1231 1857 1448 1913 GURIO
1488 1859 1539 1914 S.
1576 1857 1645 1915 D.

410 2001 625 2066 Facile
677 2002 975 2087 perspexi
1030 2024 1110 2066 ex
1152 2003 1283 2066 tuis
1336 2001 1599 2087 litteris,
1659 2003 1833 2086 quod
1876 2023 2127 2088 semper
2171 2005 2301 2067 stu-
2341 2022 2369 2071 1

281 2091 417 2175 dui,
473 2094 538 2154 et
581 2112 684 2154 me
730 2113 768 2154 a
811 2095 876 2154 te
921 2090 1187 2174 plurimi
1240 2089 1383 2154 fieri
1428 2093 1494 2154 et
1536 2094 1602 2154 te
1648 2090 2051 2177 intellegere,
2108 2112 2299 2176 quam

278 2177 442 2242 mihi
480 2199 662 2242 carus
699 2199 882 2243 esses
957 2177 1145 2254 Quod
1180 2178 1484 2262 quoniam
1521 2183 1789 2262 uterque
1825 2183 2118 2243 nostrum
2156 2200 2302 2244 con-

201 2285 252 2324 πο
281 2269 533 2330 secutus
571 2270 684 2351 est,
719 2267 1039 2351 reliquum
1076 2270 1189 2351 est,
1226 2271 1301 2330 ut
1338 2266 1569 2330 officiis
1604 2270 1917 2331 certemus
1952 2267 2123 2332 inter
2156 2290 2301 2354 n0s3

283 2354 518 2437 quibus
576 2375 780 2437 aequo
835 2355 1050 2418 animo
1094 2354 1199 2419 vel
1242 2355 1494 2418 vincam
1539 2359 1605 2418 te
1648 2355 1752 2418 vel
1794 2355 2016 2419 vincar
2060 2378 2174 2440 aps
2216 2360 2299 2420 te.

280 2438 492 2505 Acilio
536 2463 668 2506 non
712 2442 907 2506 fuisse
950 2463 1206 2506 necesse
1248 2463 1423 2506 meas
1470 2442 1607 2507 dari
1659 2443 1909 2507 litteras
1962 2444 2149 2508 facile
2192 2467 2302 2528 pa-

280 2530 435 2614 tior3
482 2527 725 2614 Sulpici
769 2530 895 2594 tibi
940 2551 1200 2614 operam
1245 2529 1552 2618 intellego
1598 2552 1678 2594 ex
1721 2531 1853 2595 tuis
1896 2531 2132 2596 litteris
2168 2554 2299 2596 non
2336 2550 2368 2598 2

279 2617 556 2682 multum
602 2638 762 2701 opus
806 2617 1002 2682 fuisse
1045 2621 1311 2703 propter
1345 2622 1488 2682 tuas
1525 2639 1627 2682 res
1661 2619 1755 2682 ita
1790 2623 2165 2704 contractas,
2210 2624 2301 2705 ut,

198 2723 252 2764 85
281 2726 471 2790 quem
516 2705 598 2770 ad
639 2705 903 2771 modum
947 2707 1191 2791 scribis,
1237 2707 1379 2771 ‘nec
1422 2709 1613 2790 caput
1647 2727 1766 2771 nec
1798 2708 2031 2791 pedes'.
2102 2708 2302 2792 Equi-

281 2793 425 2858 dem
469 2793 720 2878 vellem‚
765 2794 865 2857 uti
906 2794 1099 2878 pedes
1142 2793 1479 2879 haberent,
1534 2799 1608 2859 ut
1652 2795 1995 2879 aliquando
2042 2796 2298 2860 redires,

278 2880 478 2946 Vides
505 2882 677 2946 enim
705 2883 1026 2946 exaruisse
1053 2883 1182 2946 iam
1209 2887 1491 2948 veterem
1519 2883 1967 2969 urbanitatem,
2004 2887 2077 2947 ut
2112 2883 2301 2948 Pom-

276 2970 510 3054 ponius
553 2973 774 3034 noster
817 2991 935 3034 suo
979 2969 1118 3035 iure
1161 2971 1367 3054 possit
1414 2970 1649 3036 dicere:

368 3092 573 3158 ‘Nssi
609 3115 745 3156 nos
780 3093 1006 3178 pauci
1043 3094 1508 3158 retineamus
1544 3093 1872 3246 gl6ri3m
1909 3094 2299 3178 antiquam

195 3200 250 3239 80
1820 3182 2136 3248 tticam'.

275 3303 453 3392 Ergo
499 3303 556 3369 is
600 3304 742 3390 tibi,
785 3326 904 3370 nos
951 3304 1011 3369 ei
1057 3304 1469 3370 succedimus.
1560 3304 1729 3370 Veni
1773 3297 2002 3392 igitur,
2048 3327 2300 3392 quaem,

275 3414 356 3457 ne
401 3397 616 3457 tamen
661 3414 876 3458 semen
922 3392 1311 3458 urbanitatis
1354 3415 1483 3458 una
1518 3415 1663 3458 cum
1708 3415 1777 3458 re
1821 3417 1883 3480 p.
1920 3393 2209 3460 intereat.
