2567 3884
296 277 304 285 .
333 214 467 279 310
1093 213 1613 268 EPISTULARUM

332 447 561 530 primis
607 467 768 532 rogo
814 449 899 530 16,
945 445 1027 508 ad
1069 444 1403 509 hominem
1447 445 1989 528 ventosissimum,
2033 445 2374 529 Lepidum,

332 535 579 618 mittas,
639 556 721 598 ne
775 497 1020 598 bellum
1073 533 1262 596 nobis
1323 533 1762 620 redintegrare
1819 497 2027 617 possit
2078 532 2373 596 Antonio

334 623 459 686 sibi
507 622 866 687 coniuncto,
955 620 1127 686 Nam
1175 620 1253 684 de
1298 620 1593 685 Pollione
1637 619 1868 686 Asinio
1913 625 2073 705 puto
2119 624 2187 685 te
2232 642 2375 704 per-

335 711 605 795 spicere,
651 709 809 795 quid
854 711 1141 773 facturus
1187 709 1289 772 sit.
1380 708 1626 773 Multae
1673 714 1738 773 et
1784 710 1990 774 bonae
2036 711 2102 774 e't
2146 710 2373 772 firmae
2426 727 2448 766 5

262 815 295 863 2
335 803 486 863 sunt
547 800 836 884 legiones
893 797 1125 882 Lepidi
1183 801 1250 860 61
1307 795 1513 860 Asini.
1616 796 1847 882 Neque
1909 798 2068 861 haec
2129 797 2373 861 idcirco

331 887 458 952 tibi
513 887 753 971 scribe,
808 886 984 970 quod
1035 890 1102 949 te
1146 906 1279 949 non
1335 886 1556 949 eadem
1602 886 2109 950 animadvertere
2156 886 2375 970 sciam,

333 976 445 1039 sed
504 975 681 1059 quod
736 974 901 1037 mihi
957 973 1581 1058 persuasissimumt
1638 973 1955 1058 Lepidum
2015 977 2189 1037 recte
2248 975 2375 1037 fac-

332 1066 553 1126 turum
598 1083 970 1146 numquam,
1019 1062 1074 1124 si
1120 1062 1290 1125 forte
1334 1062 1521 1126 vobis
1558 1061 1628 1125 id
1663 1062 1741 1125 de
1785 1061 1913 1126 hoc
1950 1062 2222 1126 dubium
2259 1065 2373 1126 est.

330 1149 645 1216 Plancum
704 1171 962 1234 quoque
1017 1150 1437 1234 confirmetiS,
1499 1171 1642 1234 oro3
1701 1171 1895 1234 quem
1948 1171 2137 1234 spero
2182 1150 2374 1234 pulso
2401 1169 2450 1207 10

331 1237 623 1303 Antonio
671 1239 764 1302 rei
808 1261 869 1321 p.
917 1259 1049 1301 non
1096 1238 1484 1302 defuturum.
1578 1237 1649 1302 Si
1696 1259 1764 1302 66
1810 1237 2009 1321 Alpes
2046 1237 2376 1302 Antonius

332 1327 684 1411 traiecerit,
746 1326 1055 1391 constitui
1112 1326 1507 1408 praesidium
1566 1326 1635 1389 in
1693 1325 1974 1410 Alpibus
2038 1327 2377 1392 conlocare

333 1419 399 1478 et
460 1418 527 1478 16
587 1415 665 1478 de
725 1414 902 1478 omni
961 1436 1030 1479 re
1092 1415 1302 1478 facere
1366 1415 1723 1478 certiorem.
1814 1433 1895 1479 111
1947 1413 2025 1480 K.
2081 1415 2233 1480 Mai.
2294 1437 2377 1479 ex

335 1503 564 1566 castris
609 1500 838 1588 1516310.

331 355 680 422 Ventidius
726 358 1018 422 elabatur
1065 359 1175 420 aut
1219 354 1549 420 Antonius
1593 357 1663 420 in
1697 354 1889 420 Italia
1924 361 2229 422 moretur.
2296 354 2374 419 In
2552 391 2559 680 l

1309 1659 1388 1724 X.
2403 1677 2452 1716 15

502 1779 617 1836 Ser.
657 1782 722 1834 in
755 1783 952 1836 castris
987 1782 1267 1837 Dertonae
1302 1781 1419 1835 III
1446 1779 1594 1835 Non.
1634 1781 1781 1837 Mai.
1829 1799 1880 1836 a.
1922 1783 2029 1836 711
2069 1784 2209 1849 (43).

803 1903 871 1958 D.
910 1903 1196 1958 BRUTUS
1235 1902 1288 1958 S.
1326 1904 1392 1958 D.
1432 1903 1507 1957 M.
1547 1902 1901 1958 CICERONI.

266 2049 295 2096 1
467 2029 620 2095 Non
673 2029 838 2094 mihi
884 2051 1022 2094 rem
1074 2052 1135 2113 p.
1189 2029 1339 2113 plus
1396 2029 1626 2094 debere
1679 2029 1965 2094 arbitror
2018 2050 2215 2114 quam
2266 2048 2371 2092 me

333 2118 476 2183 tibi.
550 2119 597 2201 †
637 2117 1002 2182 Gratiorem
1036 2139 1140 2181 me
1177 2139 1314 2181 6666
1358 2117 1429 2180 111
1474 2122 1540 2181 16
1584 2139 1790 2202 posse,
1836 2140 2031 2202 quam
2076 2117 2189 2181 isti
2231 2138 2371 2200 per-

335 2206 505 2271 versi
553 2207 683 2270 sint
729 2208 800 2271 in
844 2227 979 2290 me,
1040 2204 1448 2288 exploratum
1504 2206 1705 2269 habes
1758 2207 1845 2269 sit
1900 2228 1982 2269 an
2034 2205 2161 2269 hoc
2214 2209 2371 2268 tem·
2400 2223 2449 2260 20

333 2294 513 2378 poris
567 2295 861 2358 videatur
920 2293 1046 2357 dici
1105 2314 1327 2377 causa,
1388 2294 1582 2358 malle
1644 2315 1748 2358 me
1811 2298 1998 2358 tuum
2061 2293 2370 2358 iudicium

338 2404 532 2466 quam
567 2404 648 2445 ex
679 2383 881 2446 altera
915 2385 1098 2466 parte
1135 2382 1426 2446 omnium
1462 2382 1763 2467 istorum3
1799 2385 1874 2446 tu
1911 2381 2084 2446 enim
2121 2403 2161 2444 a
2196 2383 2369 2445 certo

337 2491 526 2534 sensu
582 2473 646 2533 61
700 2492 852 2534 vero
908 2469 1152 2533 iudicas
1208 2469 1286 2533 de
1341 2469 1557 2554 nobis3
1614 2470 1788 2553 quod
1831 2469 1944 2533 isti
1987 2490 2070 2533 116
2114 2469 2369 2552 faciant,

338 2580 588 2622 summa
623 2558 1076 2622 malevolentia
1104 2561 1169 2621 et
1204 2558 1410 2621 livore
1448 2558 1903 2642 impediuntur.
1947 2519 2370 2641 Interpellent

335 2668 470 2731 me,
532 2668 659 2729 quo
713 2647 928 2710 minus
980 2646 1337 2709 honoratus
1383 2645 1538 2730 sim,
1599 2646 1751 2709 dum
1806 2668 1887 2709 ne
1942 2645 2370 2729 interpellent,
2400 2659 2448 2700 2⁵

337 2756 466 2819 quo
512 2734 728 2798 minus
783 2757 884 2798 res
937 2757 998 2818 p.
1046 2757 1084 2797 a
1127 2755 1231 2797 me
1278 2733 1612 2798 commode
1667 2733 2105 2798 administrari
2148 2733 2369 2817 possit.

336 2822 513 2899 Quae
561 2826 802 2906 quanto
847 2823 934 2886 sit
978 2822 1048 2885 in
1091 2821 1407 2906 pericu10,
1464 2843 1657 2906 quam
1700 2827 1930 2906 potero
1978 2821 2372 2905 brevissime,

336 2933 416 2974 ex
464 2932 670 2974 onam.

264 3015 296 3070 2
415 2934 762 3062 PPrimum
821 2997 1110 3061 omnium
1173 3001 1482 3080 quantam
1540 2997 2099 3080 perturbationem
2157 3018 2372 3061 rerum

335 3087 728 3150 urbanarum
773 3086 1021 3149 adferat
1067 3083 1285 3148 obitus
1326 3085 1678 3170 consulum,
1726 3089 2162 3170 quantamque
2200 3084 2372 3168 cupi·
2398 3100 2451 3140 ³⁰

336 3175 604 3238 ditatem
649 3173 1024 3238 hominibus
1070 3173 1296 3236 iniciat
1329 3173 1634 3258 vacuitas,
1680 3195 1811 3238 non
1848 3177 1914 3237 16
1950 3174 2139 3260 fugit.
2203 3171 2373 3237 Satis

332 3284 437 3326 me
482 3263 689 3326 multa
735 3261 1081 3346 scripsisse,
1133 3283 1295 3344 quae
1340 3261 1579 3325 litteris
1624 3261 2059 3326 commendari
2103 3261 2373 3345 possint,

333 3350 644 3434 arbitror,
701 3350 832 3414 scio
880 3349 1070 3434 enim,
1118 3349 1221 3412 cui
1267 3348 1563 3412 scribam.

262 3453 295 3502 3
466 3436 784 3503 Revertor
840 3459 1012 3501 nunc
1069 3436 1150 3500 ad
1207 3435 1585 3501 Antonium.
1686 3436 1812 3513 Qui
1872 3459 1951 3500 ex
2010 3437 2167 3523 fuga
2228 3457 2373 3502 cum

332 3525 667 3608 parvulam
704 3547 968 3591 manum
1002 3524 1295 3608 peditum
1332 3525 1602 3590 haberet
1636 3524 2001 3610 inermium,
2049 3523 2374 3611 ergastula
2400 3538 2449 3579 8⁵
