2567 3884
927 229 1145 282 LIBER
1180 230 1284 283 XV
1322 236 1477 285 6—9.
2096 229 2229 293 455

200 371 501 435 omnibus
538 371 1011 435 secundissimis
1047 372 1239 436 rebus
1285 372 1734 458 dignissimum
1771 372 2002 455 iudicO,
2049 372 2228 437 cuius

198 481 352 545 erga
396 481 501 523 me
547 460 937 545 singularem
983 459 1498 524 benevolentiam
1543 460 1646 524 vel
1701 461 1770 523 in
1815 459 2035 523 labore
2081 482 2226 524 meo

198 548 300 611 vel
338 548 407 610 in
442 547 688 611 honore
731 548 1047 632 perspexi,
1092 551 1300 611 totam
1338 548 1610 631 denique
1650 548 1910 612 domum
1946 551 2225 611 vestram

197 635 301 698 vel
348 635 575 698 salutis
619 636 723 699 vel
769 635 1103 735 dignitatis
1147 657 1326 699 meae
1374 636 1908 700 studiosissimam
1955 635 2226 718 cupidis-

146 742 171 781 5
198 723 554 806 simamque
582 724 871 810 cognovi
937 722 1145 824 Quare
1180 727 1439 809 gratum
1466 724 1630 787 mihi
1664 723 1908 807 feceris,
1946 723 2000 786 si
2037 723 2226 786 uxori

196 814 347 875 tuae
390 809 639 895 Iuniae,
683 811 1098 897 gravissimae
1144 816 1337 895 atque
1384 812 1664 895 optimae
1710 812 2010 895 feminae,
2063 812 2225 874 meis

196 899 414 963 verbis
458 900 585 963 eris
628 900 1004 985 gratulatus,
1095 898 1157 963 A
1200 903 1283 983 te,
1330 901 1398 962 id
1443 900 1616 983 quod
1661 899 2007 983 consuesti,
2053 903 2225 983 pet0,

196 1008 301 1051 me
348 986 678 1051 absentem
725 987 957 1074 diligas
1003 990 1195 1071 atque
1244 950 1559 1052 defendas.

1154 1213 1265 1279 IX.

120 1359 167 1398 10
470 1333 585 1391 Ser.
621 1337 803 1391 eodem
838 1336 953 1389 loco
988 1342 1040 1389 et
1074 1341 1231 1404 temp.
1269 1352 1376 1405 quo
1412 1353 1493 1405 ep.
1543 1336 1668 1391 VII
1695 1342 1746 1391 et
1792 1335 1959 1389 VIH.
2061 1386 2066 1393 .

396 1456 471 1512 M.
512 1455 767 1511 CICERO
804 1456 1097 1512 PROCOS.
1137 1458 1189 1512 S.
1226 1458 1293 1512 D.
1332 1458 1407 1513 M.
1444 1457 1834 1512 MARCELLO
1874 1457 2020 1514 COS.

333 1599 425 1663 Te
480 1603 545 1664 et
596 1600 857 1683 pietatis
911 1601 980 1664 in
1033 1605 1180 1665 tuos
1227 1604 1292 1663 et
1347 1600 1546 1663 animi
1591 1601 1660 1663 in
1706 1623 1842 1665 rem
1887 1624 1948 1685 p.
1995 1604 2060 1665 et
2106 1600 2227 1663 cla-
2268 1620 2292 1666 1

195 1688 439 1752 rissimi
504 1692 695 1771 atque
755 1688 985 1772 optimi
1049 1688 1418 1751 consulatus
1479 1687 1546 1751 O.
1601 1687 1907 1752 Marcello
1967 1689 2226 1752 consule

0 1824 2 1859 ÷
195 1777 369 1840 facto
415 1776 697 1839 fructum
735 1776 975 1860 cepisse
1010 1777 1422 1839 vehementer
1465 1776 1730 1860 gaudeo,
1789 1776 1943 1840 Non
1980 1776 2226 1860 dubit0,

0 1885 2 1946 ς
120 1884 168 1923 15
197 1864 358 1964 quid
410 1867 777 1964 praesentes
832 1864 1135 1949 sentiant3
1193 1884 1312 1927 nos
1368 1863 1626 1946 quidem
1681 1862 2023 1949 longinqui
2079 1867 2142 1926 et
2189 1886 2226 1926 a

195 1957 263 2016 te
316 1952 459 2035 ipso
515 1952 696 2016 missi
749 1952 817 2015 in
876 1952 1135 2015 ultimas
1180 1950 1393 2051 gentis
1447 1951 1530 2013 ad
1574 1950 1818 2014 caelum
1863 1950 2226 2014 mehercule

194 2040 489 2104 tollimus
523 2039 873 2103 verissimis
918 2061 991 2103 ac
1035 2038 1404 2103 iustissimis
1447 2038 1762 2102 laudibus.
1843 2038 2032 2122 Nam,
2079 2059 2225 2101 cum

195 2132 263 2191 te
308 2150 349 2190 a
391 2127 670 2211 pueritia
722 2131 835 2191 tua
879 2128 1063 2191 unice
1118 2127 1480 2212 dilexerim,
1539 2130 1739 2209 tuque
1783 2147 1886 2189 me
1933 2125 2002 2189 in
2048 2127 2226 2191 omni

194 2236 431 2301 genere
487 2237 736 2299 semper
789 2215 1254 2299 amplissimum
1311 2236 1447 2279 esse
1491 2217 1557 2277 et
1600 2214 1882 2278 volueris
1940 2217 2005 2278 et
2063 2214 2225 2278 iudi-

118 2324 167 2363 20
198 2303 381 2387 caris,
426 2306 567 2367 tum
610 2302 736 2367 hoc
771 2303 874 2366 vel
918 2307 1033 2367 tuo
1079 2304 1249 2367 facto
1288 2303 1393 2367 vel
1434 2302 1662 2386 populi
1705 2301 1781 2366 R.
1831 2302 1907 2365 de
1952 2306 2018 2366 te
2063 2303 2226 2367 iudi-

198 2392 299 2455 cio
368 2391 575 2454 multo
644 2391 853 2455 acrius
918 2391 1486 2474 vehementiusque
1551 2391 1753 2478 diligo
1816 2391 2224 2474 maximaque

194 2479 447 2542 laetitia
490 2479 779 2564 adficior,
839 2500 984 2542 cum
1030 2480 1110 2543 ab
1155 2479 1529 2543 hominibus
1573 2479 2089 2563 prudentissimis
2134 2480 2225 2544 vi-

196 2567 415 2650 risque
461 2568 723 2651 optimis
770 2567 1067 2631 omnibus
1113 2567 1319 2652 dictis,
1363 2567 1570 2651 factis,
1614 2567 1862 2651 studiiS,
1908 2568 2225 2631 institutis

198 2656 304 2718 vel
348 2676 451 2717 me
495 2655 594 2718 tui
640 2655 915 2719 similem
962 2676 1097 2719 esse
1144 2655 1334 2719 audio
1371 2655 1476 2719 vel
1510 2658 1576 2718 te
1610 2656 1754 2718 11161.
1813 2653 2035 2718 Unum
2070 2675 2222 2719 vero
2261 2672 2293 2720 2

5 2794 7 2801 .
116 2761 170 2800 25
200 2743 255 2805 si
303 2742 483 2805 addis
530 2742 610 2805 ad
662 2742 1199 2827 praeclarissimas
1254 2764 1356 2807 res
1403 2744 1768 2807 consulatus
1814 2742 1937 2825 tui,
1993 2745 2066 2805 ut
2113 2746 2225 2806 aut

197 2830 362 2894 mihi
391 2831 685 2894 succedat
713 2853 905 2915 quam
931 2831 1212 2914 primum
1241 2831 1492 2914 aliquis,
1538 2835 1650 2894 aut
1675 2851 1755 2894 116
1785 2793 1942 2912 quid
1968 2830 2225 2894 accedat

197 2918 511 3001 temporis
569 2919 650 2981 ad
706 2919 804 3003 id,
864 2919 1038 3002 quod
1089 2922 1161 2982 tu
1216 2919 1380 2981 mihi
1435 2922 1499 2982 et
1554 2921 1809 2982 senatus
1865 2939 1915 2981 6.
1963 2920 2028 2981 et
2079 2918 2223 3003 lege

198 3006 421 3089 finisti,
469 3007 683 3070 omnia
727 3028 831 3070 me
874 3028 993 3090 per
1025 3010 1091 3070 te
1128 3010 1540 3070 consecutum
1583 3005 1844 3089 putabo,
1920 3003 2105 3089 Cura,
2152 3010 2226 3069 ut

197 3094 412 3158 valeas
458 3099 522 3158 et
565 3116 669 3159 me
715 3095 1044 3158 absentem
1091 3094 1330 3180 diligas⁴
1367 3097 1558 3176 atque
1606 3091 1922 3156 defendas

116 3200 170 3240 30
335 3180 509 3257 Quae
553 3183 717 3246 mihi
763 3183 839 3246 de
883 3181 1142 3245 Parthis
1185 3182 1482 3246 nuntiata
1526 3185 1692 3265 sunt,
1740 3180 1892 3264 quia
1935 3202 2066 3244 non
2111 3203 2225 3264 pu·
2263 3199 2294 3247 3

197 3269 418 3333 tabam
473 3293 511 3333 a
562 3292 665 3334 me
720 3270 914 3334 etiam
968 3292 1138 3333 nunc
1190 3269 1527 3335 scribenda
1575 3289 1710 3333 esse
1759 3268 2036 3352 publice,
2081 3291 2227 3352 pro-

193 3361 415 3441 pterea
475 3380 555 3421 ne
618 3380 735 3442 pro
800 3357 1237 3423 familiaritate
1303 3358 1563 3441 quidem
1625 3360 1849 3420 nostra
1907 3357 2086 3420 volui
2147 3358 2227 3421 ad

194 3449 259 3509 te
304 3446 607 3530 scribere,
652 3468 763 3529 ne,
812 3467 956 3510 cum
1003 3446 1085 3509 ad
1129 3447 1456 3510 consulem
1501 3444 1922 3530 scripsissem,
1967 3445 2225 3529 publice

195 3533 449 3598 viderer
492 3535 836 3618 scripsisse.
