2567 3884
325 188 460 252 360
1075 187 1593 242 EPISTULARUM

325 329 545 413 nobis,
611 328 839 395 deinde
903 352 1188 395 summae
1252 331 1347 394 rei
1408 354 1469 414 p.
1531 331 1944 414 comparavit,
2047 329 2173 406 Qui
2236 331 2365 396 nisi

319 419 570 501 fuisset,
598 416 847 482 Antoni
875 419 1120 483 reditus
1147 441 1185 482 a
1211 418 1560 483 Brundisio
1595 419 1796 502 pestis
1831 420 2079 502 patriae
2117 419 2363 484 fuisset,

257 521 288 570 5
329 505 503 583 Quae
552 506 849 589 deinceps
894 511 1036 571 acta
1081 507 1241 591 sint,
1303 507 1465 571 scire
1511 511 1576 571 te
1623 507 1920 571 arbitror.
2014 505 2142 570 Sed
2188 508 2365 572 rede-

327 616 508 658 amus
566 595 722 659 illuc
733 645 752 679 ,
816 595 985 658 unde
1050 594 1455 660 devertimus,
1553 594 1823 678 Accipio
1884 594 2364 660 excusationem

325 687 506 747 tuam
553 682 630 746 de
677 681 1087 768 Semproni03
1131 705 1341 767 neque
1388 683 1559 746 enim
1606 683 1834 747 statuti
1872 683 2030 766 quid
2075 684 2144 746 in
2181 686 2366 747 tanta
2420 699 2446 737 ⁵

324 771 813 855 perturbatione
858 772 1098 836 habere
1141 771 1433 855 potuisti.

417 911 666 977 ‘Nunc
710 912 836 976 hi'c
883 912 1043 976 dies
1091 912 1318 975 aliam
1355 911 1593 976 vitam
1641 911 1920 995 defert,
1967 911 2164 975 alios
2210 933 2367 975 mo-

1650 1021 1769 1064 res
1818 1000 2229 1083 postulat',

327 1126 401 1186 ut
437 1123 530 1186 ait
566 1121 921 1187 Terentius,
1002 1121 1208 1199 Quam
1246 1123 1330 1186 ob
1378 1144 1532 1206 rem,
1576 1123 1668 1185 mi
1708 1120 1962 1206 Quinte,
2010 1121 2365 1186 conscende

325 1211 689 1294 nobiscum,
746 1215 810 1274 et
857 1211 1118 1294 quidem
1163 1210 1244 1273 ad
1289 1210 1575 1294 puppim.
1666 1209 1815 1274 Una
1858 1210 2042 1274 navis
2087 1214 2187 1274 est
2232 1210 2366 1273 iam
2394 1229 2443 1266 10

327 1298 648 1362 bonorum
703 1299 1019 1383 omnium,
1080 1321 1273 1383 quam
1333 1299 1594 1381 quidem
1646 1320 1767 1362 nos
1821 1297 2048 1362 damus
2100 1319 2369 1382 operam

327 1389 402 1449 ut
447 1389 688 1449 rectam
733 1390 1081 1470 teneamus,
1128 1387 1378 1453 utinam
1421 1407 1733 1470 prospero
1779 1388 1996 1450 cursu!
2044 1385 2190 1470 Sed,
2230 1386 2369 1469 qui—

328 1494 600 1556 cumque
646 1475 823 1538 venti
871 1477 1076 1559 erunt,
1123 1497 1226 1538 ars
1269 1478 1494 1538 nostra
1518 1478 1700 1538 certe
1736 1495 1867 1538 non
1906 1474 2131 1538 aberit,
2196 1473 2369 1550 Quid

243 1614 248 1620 .
328 1561 501 1625 enim
544 1566 871 1645 praestare
918 1562 1095 1632 aliud
1138 1563 1345 1627 virtus
1390 1563 1651 1644 potest?
1714 1561 1814 1625 Tu
1859 1563 1962 1626 fac
2006 1566 2082 1625 ut
2126 1583 2367 1648 magno

327 1649 542 1713 animo
609 1650 695 1713 sis
760 1654 824 1714 et
887 1650 1137 1715 excelso
1211 1651 1583 1736 cogitesque
1649 1671 1904 1714 omnem
1979 1649 2366 1736 dignitatem
2398 1667 2447 1706 15

325 1741 506 1802 tuam
553 1759 698 1802 cum
745 1760 814 1803 re
857 1761 919 1822 p.
968 1737 1376 1802 coniunctam
1423 1760 1558 1802 esse
1605 1738 1881 1804 debere..

1213 1966 1401 2030 XXV
1421 1990 1473 2030 a,
2562 1961 2564 2030 ὲ

639 2088 752 2144 Ser.
790 2089 998 2143 Romae
1033 2089 1160 2143 circ.
1208 2088 1369 2142 VLH
1398 2087 1472 2141 K.
1508 2088 1637 2142 Iwn.
1677 2106 1728 2142 a.
1771 2091 1875 2142 711
1917 2089 2055 2154 (43).
2562 2043 2564 2060 Ι

897 2210 1187 2266 CICERO
1225 2209 1696 2265 CORNIFICIO
1734 2209 1786 2264 S.

258 2371 290 2419 6
461 2351 531 2416 Ρ.
576 2352 922 2418 Lucceium
974 2354 1138 2418 mihi
1192 2375 1409 2418 meum
1457 2352 1890 2438 commendas3
1947 2374 2168 2436 quem,
2227 2353 2364 2437 qui·
2391 2371 2445 2410 20

329 2442 726 2524 buscumque
781 2442 973 2506 rebus
1027 2445 1283 2526 potero,
1342 2441 1686 2527 diligenter
1729 2440 1979 2505 tuebor.
2070 2440 2366 2505 Hirtium

330 2529 591 2613 quidem
638 2533 702 2592 et
746 2528 1040 2614 Pansam,
1087 2530 1387 2615 conlegas
1430 2534 1714 2613 nostrOS,
1758 2528 2055 2593 homines
2103 2528 2172 2592 in
2220 2550 2366 2593 con-

329 2617 542 2682 sulatu
587 2617 681 2680 rei
734 2641 794 2701 p.
843 2618 1171 2702 salutaris,
1232 2618 1441 2681 alieno
1498 2639 1648 2680 sane
1693 2621 1985 2701 tempore
2030 2617 2366 2681 amisimus

328 2727 398 2770 re
451 2705 712 2790 publica
764 2704 1138 2769 Antoniano
1194 2706 1454 2789 quidem
1497 2705 1841 2769 latrocinio
1896 2706 2199 2790 liberata,
2254 2704 2368 2769 sed

326 2794 614 2857 nondum
653 2793 914 2857 omnino
953 2794 1285 2877 explicata,
1379 2793 1585 2868 Quam
1620 2815 1759 2877 nOS,
1804 2793 1860 2856 si
1893 2793 2138 2878 licebit,
2182 2814 2364 2857 more
2390 2809 2443 2849 25

326 2886 552 2946 nostro
597 2882 943 2965 tuebimur,
989 2903 1379 2965 quamquam
1425 2881 1771 2945 admodum
1816 2903 2037 2945 sumus
2084 2881 2215 2945 iam
2263 2881 2365 2946 de—

327 2969 600 3057 fetigati.
677 2968 803 3034 Sed
837 2969 1017 3033 nulla
1051 2969 1364 3032 lassitudo
1401 2969 1714 3053 impedire
1752 2969 2040 3033 officium
2069 2973 2135 3033 et
2170 2969 2364 3034 fidem

259 3076 289 3124 7
332 3058 536 3122 debet.
603 3056 850 3121 Verum
884 3056 1044 3121 haec
1076 3056 1403 3121 hactenus.
1467 3056 1575 3120 Ab
1622 3056 1765 3120 aliis
1810 3060 1876 3120 te
1915 3057 1993 3122 de
2027 3079 2133 3120 me
2172 3079 2364 3141 quam

329 3169 367 3210 a
402 3168 506 3210 me
544 3146 684 3228 ipso
719 3146 892 3209 malo
923 3167 1325 3231 cognoscere.
1398 3145 1497 3208 De
1525 3149 1590 3208 te
1618 3145 2035 3209 audiebamus
2072 3167 2164 3229 ea,
2204 3166 2363 3229 quae

327 3233 607 3297 maxime
660 3234 986 3297 vellemus,
1060 3233 1159 3296 De
1207 3231 1319 3296 Gn.
1366 3232 1654 3298 Minucio
1664 3284 1682 3318 ,
1744 3254 1935 3316 quem
1980 3237 2054 3297 tu
2103 3233 2361 3316 quibus-
2388 3249 2439 3288 30

330 3322 475 3385 dam
520 3321 758 3385 litteris
804 3321 885 3384 ad
931 3321 1178 3385 caelum
1221 3320 1523 3384 laudibus
1570 3320 1879 3406 extulisti,
1924 3341 2218 3385 rumores
2256 3321 2362 3383 du·

328 3408 531 3472 riores
578 3413 773 3473 erant.
864 3407 942 3472 Id
988 3408 1175 3491 quale
1221 3408 1338 3493 sit,
1386 3408 1777 3493 omninoque
1824 3408 1983 3492 quid
2026 3409 2177 3472 istic
2221 3429 2362 3494 aga-

327 3499 453 3579 tur,
498 3495 694 3558 facias
738 3517 843 3559 me
888 3496 1084 3560 velim
1130 3495 1486 3560 certiorem.
