2567 3884
346 193 479 257 452
1099 192 1614 247 EPISTULARUM

346 357 526 399 meae
569 334 1047 419 philosophiam
1083 334 1165 399 ad
1206 338 1272 398 te
1310 335 1598 421 allegem,
1645 356 1773 418 qua
1807 355 1925 399 nec
1967 334 2133 399 mihi
2169 335 2387 399 carior

348 423 482 487 ulla
538 445 845 507 umquam
898 444 999 487 res
1053 422 1123 487 111
1176 423 1312 487 vita
1370 424 1525 507 fuit,
1584 444 1702 486 nec
1757 422 2096 492 hominum
2151 424 2386 509 generi

346 511 555 575 maius
610 533 647 575 8
701 511 835 575 deis
887 531 1121 574 munus
1174 510 1382 575 ullum
1435 514 1533 574 est
1591 511 1827 574 datum.
1917 510 2094 575 Haec
2154 511 2382 596 igitur,

349 620 511 682 quae
568 599 732 663 mihi
790 602 1006 663 tecum
1068 598 1425 663 communis
1487 602 1614 683 est,
1677 598 1948 662 societas
2011 598 2382 663 studiorum

348 691 541 770 atque
596 687 835 751 artium
887 689 1284 769 nostrarum,
1345 686 1580 769 quibus
1633 708 1671 749 a
1723 686 2002 769 pueritia
2054 686 2260 750 dediti
2304 708 2382 751 ac
2437 703 2464 742 5

350 774 630 839 devincti
685 774 806 839 soli
864 795 1065 858 prope
1126 775 1392 837 modum
1449 794 1568 837 nos
1623 773 2100 858 philosophiam
2157 796 2381 839 veram

348 862 529 926 illam
575 866 639 925 et
684 862 1040 945 antiquam,
1095 882 1257 944 quae
1311 861 1695 945 quibusdam
1741 862 1861 925 otii
1905 883 2041 925 esse
2094 883 2172 925 ac
2215 862 2381 925 desi-

351 950 491 1014 diae
527 950 800 1034 videtur,
845 950 914 1012 in
959 950 1173 1013 forum
1210 953 1404 1033 atqoe
1439 949 1509 1012 in
1544 971 1680 1013 rem
1722 973 1786 1033 p.
1823 953 2015 1033 atque
2051 949 2123 1013 in
2169 950 2381 1033 ipsam

348 1038 551 1102 aciem
608 1058 809 1122 paene
868 1037 1245 1101 deduximus
1258 1087 1275 1120 ,
1338 1041 1551 1100 tecum
1613 1037 1752 1122 agit
1814 1037 1891 1100 de
1954 1058 2098 1100 mea
2159 1037 2380 1123 laude3

350 1126 454 1189 cui
498 1125 721 1211 negari
759 1148 796 1188 a
834 1123 1075 1188 Catone
1121 1125 1217 1188 fas
1254 1146 1390 1188 esse
1425 1146 1557 1188 non
1601 1128 1777 1208 puto.
1870 1124 2077 1200 Quam
2113 1126 2200 1188 ob
2240 1148 2381 1189 rem
2409 1143 2459 1182 ιο

347 1213 474 1278 tibi
518 1214 610 1277 sic
652 1213 1033 1296 persuadeas
1077 1213 1300 1297 velim,
1345 1213 1400 1276 si
1444 1213 1608 1277 mihi
1652 1217 1766 1276 tua
1809 1213 2128 1277 sententia
2171 1213 2380 1279 tribu-

347 1304 453 1364 tus
505 1300 714 1364 honos
768 1322 847 1364 ex
898 1300 1058 1364 meis
1110 1300 1347 1364 litteris
1400 1300 1623 1386 fuerit,
1675 1321 1780 1363 me
1833 1301 1926 1364 sic
1978 1300 2381 1365 existimatu-

347 1410 492 1453 rum
505 1439 524 1472 ‚
578 1410 724 1453 cum
778 1388 1160 1452 auctoritate
1213 1392 1328 1453 tua
1379 1392 1522 1452 tum
1574 1388 2010 1453 benivolentia
2061 1410 2219 1475 erga
2273 1412 2380 1455 me

345 1476 535 1561 1111111,
582 1476 757 1559 quod
798 1476 1076 1541 maxime
1122 1475 1459 1562 cupierim,
1506 1477 1867 1563 contigisse.

1316 1703 1396 1769 V.
2407 1721 2456 1760 15

490 1824 603 1881 Ser.
642 1824 852 1880 Romae
886 1826 972 1879 vel
1004 1842 1086 1881 ex.
1124 1841 1194 1879 m.
1232 1824 1372 1893 Apr.
1408 1826 1494 1879 vel
1527 1826 1604 1879 in.
1643 1825 1789 1880 Mai.
1837 1842 1890 1879 a.
1932 1827 2042 1879 704
2079 1827 2222 1893 (50).

772 1947 847 2002 Μ.
887 1946 1075 2002 CATO
1115 1945 1167 2001 S.
1205 1946 1273 2001 D.
1312 1946 1386 2000 Μ.
1423 1945 1764 2003 CICERONI
1798 1946 1944 2001 IMP.

485 2088 672 2164 Quod
717 2093 781 2154 et
826 2112 927 2154 res
970 2113 1031 2174 p.
1076 2110 1180 2153 me
1227 2093 1293 2153 et
1336 2092 1559 2152 nostra
1601 2080 1885 2154 amicitia
1927 2089 2258 2174 hortatur,
2303 2089 2378 2153 li-

350 2175 578 2239 benter
631 2177 825 2262 facio,
880 2182 952 2241 ut
996 2182 1175 2241 tuam
1219 2178 1555 2262 virtutem,
1599 2175 2060 2261 innocentiam,
2107 2177 2563 2263 diligen-1

350 2263 510 2326 tiam
557 2265 881 2364 cognitam
934 2266 1003 2328 in
1047 2264 1346 2329 maximis
1391 2228 1580 2329 reblis
1628 2265 1802 2329 domi
1846 2266 2082 2351 togati,
2143 2266 2379 2329 armati
2404 2284 2453 2321 20
2561 2268 2563 2292 ¹

351 2350 510 2413 foris
580 2352 722 2434 pari
794 2353 1109 2417 industria
1172 2353 1618 2417 administrare
1687 2353 2018 2453 gaudeam.
2127 2350 2377 2436 Itaque,

353 2438 527 2520 quod
568 2460 688 2521 pro
733 2460 897 2503 meo-
923 2440 1161 2504 iudicio
1205 2441 1414 2504 facere
1458 2440 1661 2542 potui,
1705 2444 1780 2505 ut
1824 2440 2196 2505 innocentia
2232 2462 2379 2505 con-

351 2525 625 2609 silioque
678 2530 791 2591 tuo
848 2527 1170 2592 defensam
1222 2528 1646 2629 Ρ1ον111018111,
1701 2532 2024 2593 servatum
2068 2526 2379 2593 Ariobar-

352 2614 527 2677 zanis
581 2635 727 2677 cum
780 2615 946 2715 ipso·
967 2636 1117 2701 rege
1162 2637 1460 2701 regnum,
1519 2616 1840 2683 sociorum
1884 2620 2253 2679 revocatam
2297 2617 2380 2679 ad

352 2702 637 2765 studium
695 2702 951 2786 imperii
1008 2704 1215 2767 nostri
1273 2704 1671 2767 voluntatem
1729 2704 2048 2769 sententia
2108 2726 2258 2769 mea
2313 2707 2379 2767 et
2405 2720 2452 2759 25

354 2790 608 2853 decreto
660 2790 1015 2875 laudarem,
1073 2791 1213 2855 feci.
1316 2790 1862 2875 Supplicationem
1917 2791 2268 2877 decretam,
2323 2792 2379 2856 si

351 2881 445 2962 tu,
491 2900 617 2961 qua
662 2878 731 2942 in
776 2900 845 2942 re
889 2879 1056 2943 nihil
1099 2879 1390 2963 fortuitO,
1435 2880 1548 2943 sed
1591 2901 1840 2945 summa
1873 2882 1987 2943 tua
2022 2879 2277 2945 ratione
2313 2883 2379 2943 et

352 2966 748 3031 continentia
792 2967 886 3031 rei
930 2990 989 3050 p.
1036 2968 1366 3050 provisum
1413 2971 1526 3051 est,
1573 2967 1669 3031 dis
1715 2967 2193 3033 immortalibus
2237 2990 2380 3053 gra-
2557 2956 2559 3026 1

352 3053 548 3117 tulari
591 3074 710 3119 nos
757 3076 949 3138 quam
994 3054 1118 3119 tibi
1164 3055 1404 3118 referre
1449 3058 1779 3139 acceptum
1823 3055 2054 3139 mavis,
2097 3054 2378 3141 gaude03

351 3142 582 3224 quodsi
638 3142 954 3226 triumphi
1014 3142 1528 3228 praerogativam
1590 3147 1779 3226 putas
1841 3143 2377 3227 supplicationem
2402 3160 2453 3198 ³⁰
2555 3200 2557 3207 .

353 3232 418 3291 et
463 3229 701 3294 idcirco
748 3251 964 3295 casum
1007 3230 1225 3314 potius
1263 3252 1455 3314 quam
1498 3234 1564 3294 te
1609 3230 1858 3296 laudari
1900 3232 2126 3315 mavis,
2170 3252 2378 3314 neque
2555 3218 2558 3392 b

352 3316 885 3400 supplicationem
920 3318 1212 3401 sequitur
1237 3340 1488 3402 semper
1522 3318 1906 3420 triumphus,
1943 3323 2009 3382 et
2043 3282 2376 3403 triumpho

350 3404 558 3467 multo
614 3405 846 3469 clarius
900 3409 995 3469 est
1054 3409 1346 3470 senatum
1401 3406 1681 3471 iudicare
1737 3407 1955 3508 potius
2012 3411 2376 3473 mansuetu-

351 3489 499 3553 dine
564 3494 629 3555 et
690 3492 1057 3557 innocentia
1119 3494 1527 3578 imperatoris
1592 3495 1990 3579 provinciam
2054 3516 2252 3580 quam
2311 3494 2376 3558 vi
