2567 3884
322 167 454 232 308
1097 166 1617 222 EPISTULARUM

323 317 389 377 et
451 312 878 376 defensurum.
984 309 1175 386 Quod
1236 332 1630 394 quamquam
1683 309 1995 396 intellego
2052 331 2159 374 me
2221 332 2370 374 cum

323 400 610 573 ἓξὲξ-ξω
594 421 730 464 esse
784 400 1139 485 facturum,
1193 403 1412 462 tamen
1466 402 1767 486 appetam
1810 397 2006 463 huius
2050 399 2147 462 rei
2192 399 2371 482 prin-

1261 642 1411 710 VII.

712 765 829 822 Ser.
867 765 1077 820 Romae
1112 783 1166 820 a.
1206 767 1318 820 710
1355 768 1473 833 (44)
1520 765 1693 819 XIII
1722 764 1795 818 K.
1834 764 1963 819 Ian.
2421 783 2446 821 5

536 889 612 944 M.
652 884 909 942 CICERO
949 886 1002 942 S.
1040 887 1108 942 D.
1144 887 1212 942 D.
1250 885 1496 942 BRUTO
1543 887 1689 942 IMP.
1730 886 1877 942 COS.
1914 885 2148 941 DESIG.

462 1013 627 1077 Cum
692 1013 1092 1077 adhibuisset
1155 1012 1333 1076 domi
1384 1035 1565 1077 meae
1618 1013 1841 1097 Lupus
1894 1035 1999 1077 me
2054 1015 2119 1077 et
2172 1011 2372 1076 Libo-

325 1126 475 1167 nem
523 1107 587 1166 et
634 1101 957 1185 Servium,
1004 1101 1465 1164 consobrinum
1509 1105 1723 1185 tuum,
1770 1122 1932 1185 quae
1979 1122 2123 1164 mea
2167 1099 2371 1164 fuerit

325 1190 663 1274 sententia,
710 1210 1019 1274 cognosse
1062 1192 1129 1253 te
1175 1211 1255 1252 ex
1300 1189 1387 1252 M.
1436 1188 1584 1253 Seio
1632 1189 1933 1273 arbitror,
1981 1188 2094 1272 qui
2139 1192 2369 1253 nostro

327 1278 609 1344 sermoni
671 1276 999 1362 interfuit3
1058 1277 1338 1362 reliqua,
1404 1299 1793 1362 quamquam
1858 1278 2079 1341 statim
2144 1274 2369 1341 Seium
2396 1293 2446 1332 10

330 1365 670 1431 Graeceius
735 1370 833 1429 est
887 1365 1293 1450 subsecutus,
1351 1369 1568 1429 tamen
1624 1387 1704 1429 ex
1760 1363 2064 1429 Graeceio
2118 1366 2369 1448 poteris

330 1474 730 1539 cognoscere.
824 1451 1034 1537 Caput
1081 1457 1297 1517 autem
1344 1457 1441 1517 est
1485 1454 1627 1537 hoc,
1678 1452 1854 1537 quod
1896 1456 1963 1516 te
2010 1452 2369 1539 diligentis-

330 1543 490 1606 sime
534 1541 862 1625 percipere
909 1546 973 1605 et
1016 1541 1387 1605 meminisse
1432 1542 1479 1625 †
1524 1541 1769 1626 volam,
1814 1544 1888 1604 ut
1933 1562 2016 1604 ne
2060 1541 2131 1604 in
2174 1541 2371 1605 liber-

328 1634 464 1694 tate
509 1634 576 1693 et
631 1629 836 1693 salute
889 1652 950 1712 p.
995 1627 1073 1694 R.
1121 1630 1557 1694 conservanda
1608 1628 2061 1693 auctoritatem
2108 1632 2369 1692 senatus

330 1721 658 1801 exspectes
701 1717 991 1781 nondum
1034 1717 1254 1802 liberi,
1311 1739 1393 1781 ne
1440 1721 1515 1782 et·
1548 1721 1735 1781 tuum
1780 1718 2023 1781 factum
2070 1717 2365 1781 condem·
2394 1731 2443 1770 15

327 1828 443 1870 nes
502 1803 712 1892 (nullo
773 1805 945 1869 enim
1007 1805 1270 1888 publico
1337 1805 1607 1869 consilio
1671 1827 1809 1869 rem
1866 1828 1927 1889 p.
1986 1805 2367 1889 liberavisti,

331 1915 459 1979 quo
508 1894 705 1959 etiam
751 1897 849 1957 est
894 1915 995 1958 res
1039 1894 1154 1958 illa
1199 1894 1409 1958 maior
1454 1898 1519 1957 et
1575 1891 1837 1978 clarior)
1892 1897 1957 1957 et
2003 1893 2368 1957 adulescen-

328 1987 463 2047 tem
521 1982 625 2047 vel
683 2003 958 2065 puerum
1014 1982 1234 2066 potius
1292 1980 1627 2045 Caesarem
1686 1981 1928 2046 iudices
1982 1986 2225 2045 temere
2280 1981 2369 2044 fe-

330 2072 517 2155 cisse,
583 2071 697 2154 qui
757 2073 1006 2133 tantam
1071 2091 1327 2133 causam
1388 2070 1716 2154 publicam
1773 2070 2029 2154 privato
2094 2069 2366 2134 consilio

329 2159 711 2242 susceperit,
773 2157 1046 2242 denique
1102 2158 1399 2222 homines
1452 2158 1753 2242 rusticos,
1808 2157 1921 2221 sed
1972 2157 2362 2221 fortissimos
2391 2173 2443 2213 20

329 2247 505 2311 viros
543 2247 827 2330 civisque
866 2246 1146 2330 optimos
1185 2245 1499 2310 dementis
1535 2246 1730 2310 fuisse
1777 2245 2037 2330 iudiceS,
2080 2245 2367 2329 primum

328 2334 571 2399 milites
614 2338 951 2398 veteranos
1008 2334 1481 2398 commilitones
1534 2337 1713 2418 tuOS,
1769 2333 1997 2397 deinde
2040 2333 2367 2420 legionem

326 2420 650 2506 Martiam,
692 2422 1017 2508 legionem
1063 2426 1385 2507 quartam,
1432 2443 1596 2506 quae
1642 2443 1829 2486 suum
1876 2422 2206 2486 consulem
2253 2420 2369 2485 ho-

328 2513 494 2573 stem
539 2509 982 2574 iudicaverunt
1019 2532 1211 2594 seque
1248 2511 1331 2574 ad
1366 2510 1639 2574 salutem
1674 2509 1769 2573 rei
1804 2533 1865 2593 p.
1905 2509 2367 2573 defendendam

329 2598 756 2662 contulerunt.
846 2597 1169 2662 Voluntas
1223 2602 1481 2662 senatus
1533 2620 1653 2681 pro
1709 2598 2093 2662 auctoritate
2138 2596 2366 2661 haberi
2394 2612 2445 2652 2⁵
2564 2575 2566 2618 ³

332 2686 539 2771 debet,
585 2707 730 2750 cum
777 2687 1125 2750 auctoritas
1171 2686 1523 2769 impeditur
1564 2690 1759 2750 metu.
1850 2685 2188 2750 Postremo
2236 2706 2369 2749 sus·

331 2778 516 2858 cepta
560 2774 686 2838 tibi
733 2796 921 2838 causa
965 2775 1095 2838 iam
1140 2773 1242 2838 bis
1288 2778 1404 2859 est,
1448 2776 1523 2837 ut
1557 2795 1689 2837 non
1726 2774 1813 2838 sit
1848 2774 2194 2860 integrum,
2238 2773 2368 2857 pri-

327 2885 509 2927 mum
551 2860 777 2926 Idibus
821 2862 1094 2946 Martiis,
1141 2862 1370 2926 deinde
1413 2863 1709 2946 proxime
1756 2863 2041 2927 exercitu
2086 2883 2257 2926 novo
2304 2864 2369 2924 et

330 2951 534 3034 copiis
581 2951 984 3034 comparatis,
1077 2949 1283 3025 Quam
1333 2951 1417 3014 ob
1474 2972 1610 3014 rem
1656 2949 1739 3013 ad
1788 2951 2006 3014 omnia
2049 2949 2143 3013 ita
2188 2971 2368 3033 para-

328 3041 460 3122 tus,
516 3039 609 3102 ita
663 3038 983 3102 animatus
1032 3038 1223 3102 debes
1270 3060 1435 3122 esse,
1488 3059 1622 3102 non
1666 3040 1741 3101 ut
1784 3038 1954 3102 nihil
1998 3038 2195 3102 facias
2240 3037 2367 3101 nisi
2393 3053 2443 3093 ³0

327 3125 556 3212 iussUS,
601 3127 715 3191 sed
758 3131 834 3190 ut
878 3148 952 3190 ea
996 3147 1200 3212 geras,
1247 3148 1410 3211 quae
1457 3127 1539 3191 ab
1588 3126 1889 3191 omnibus
1934 3147 2187 3190 summa
2222 3147 2368 3192 cum

328 3214 755 3279 admiratione
801 3215 1161 3280 laudentur.
