2567 3884
320 190 453 254 456
1090 190 1604 245 EPISTULARUM

1293 403 1370 467 X.

531 536 533 539 ’
568 522 683 579 Ser.
728 523 892 577 Tarsi
925 523 1010 577 vel
1044 540 1126 578 ex.
1164 541 1217 579 a.
1259 527 1371 578 703
1411 526 1528 592 (51)
1567 524 1651 578 vel
1685 524 1762 576 in.
1805 524 1915 576 704
1954 526 2094 590 (50).

510 645 585 701 M.
626 643 881 700 CICERO
919 644 1065 700 IMP.
1105 644 1157 699 S.
1196 645 1263 700 D.
1301 645 1357 701 C.
1395 642 1783 700 MARCELLO
1824 643 1880 698 C.
1916 644 1978 699 F.
2019 642 2168 698 COS.

454 770 771 846 Quoniam
818 769 884 834 id
929 770 1185 855 accidit,
1246 771 1421 853 quod
1463 770 1627 834 mihi
1671 770 1949 833 maxime
1994 769 2124 833 fuit
2171 773 2354 852 opta-

319 862 491 941 tum,
550 862 623 922 ut
682 858 970 922 omnium
1027 857 1479 923 Marcellorum
1491 908 1510 959 ,⁷
1567 845 2090 921 Marcellinorum
2151 858 2352 921 etiam
2407 879 2438 917 5

320 910 659 1033 (mirificus
705 946 876 1010 enim
920 946 1175 1031 generis
1211 968 1285 1010 ac
1329 946 1611 1010 nominis
1645 946 1843 1010 vestri
1879 946 2006 1009 fuit
2043 967 2201 1031 erga
2245 968 2354 1009 me

320 1056 572 1118 semper
598 1032 877 1120 animus)
907 1070 992 1079 -——
1022 1034 1328 1117 quoniam
1356 1056 1510 1120 ergo
1538 1034 1632 1097 ita
1657 1034 1906 1118 accidit,
1942 1037 2016 1096 ut
2053 1033 2352 1097 omnium

320 1126 606 1185 vestrum
650 1122 862 1185 studio
917 1125 1068 1185 tuus
1113 1122 1480 1186 consulatus
1527 1122 1681 1185 satis
1735 1122 1942 1185 facere
1985 1125 2235 1205 posset,
2283 1121 2355 1184 in

321 1231 512 1293 quem
557 1230 735 1273 meae
780 1230 881 1272 res
925 1213 1143 1294 gestae
1186 1210 1454 1293 lausque
1499 1213 1564 1273 et
1615 1208 1822 1273 honos
1873 1231 2093 1273 earum
2147 1210 2355 1292 potis—

196 1294 203 1301 ’
320 1298 556 1361 simum
614 1296 949 1380 incideret,
1001 1302 1152 1380 peto
1198 1320 1236 1359 a
1289 1300 1381 1381 te,
1436 1297 1504 1361 id
1556 1298 1732 1381 quod
1783 1297 2166 1360 facillimum
2222 1298 2352 1361 fac-
2383 1318 2436 1357 ιο

319 1389 455 1449 tust
490 1406 621 1447 non
658 1388 1052 1469 aspernante,
1089 1389 1161 1449 ut
1199 1386 1470 1469 confido,
1517 1388 1758 1469 senatu,
1804 1389 1878 1448 ut
1915 1407 2108 1468 quam
2144 1385 2354 1449 hono—

320 1472 790 1536 rificentissime
836 1477 1091 1537 senatus
1146 1473 1511 1537 consultum
1563 1474 1798 1536 litteris
1843 1474 2004 1535 meis
2058 1473 2353 1536 recitatis

321 1560 692 1624 faciundum
746 1581 943 1625 cures
1036 1559 1107 1624 Si
1158 1560 1324 1625 mihi
1376 1565 1590 1625 tecum
1643 1560 1857 1624 minus
1912 1564 2103 1645 esset,
2152 1582 2352 1643 quam

321 1652 418 1712 est
454 1669 600 1712 cum
644 1648 775 1712 tuis
821 1649 1138 1733 omnibuS,
1182 1649 1545 1734 adlegarem
1581 1648 1662 1712 ad
1705 1653 1771 1713 te
1816 1647 1980 1732 illos,
2027 1670 2064 1711 a
2110 1648 2354 1731 quibus

319 1735 644 1821 intellegis
687 1758 792 1799 me
843 1736 1181 1820 praecipue
1228 1737 1430 1822 diligi.
1519 1736 1732 1800 Patris
1776 1736 1874 1800 tui
1918 1736 2235 1800 beneficia
2283 1737 2349 1799 in
2381 1756 2434 1796 15

319 1846 422 1888 me
482 1827 632 1888 sunt
691 1823 1110 1924 amplissima3
1169 1846 1377 1907 neque
1433 1824 1604 1888 enim
1658 1824 1851 1887 saluti
1903 1845 2082 1887 meae
2137 1846 2352 1908 neque

318 1912 553 1977 honori
588 1912 855 1976 amicior
882 1912 1222 1996 quisquam
1260 1912 1385 1975 dici
1420 1915 1659 1997 potest3
1697 1912 1896 1975 frater
1930 1915 2081 1975 tuus
2120 1912 2354 1995 quanti

318 2023 422 2065 me
467 2000 661 2065 faciat
707 2021 1082 2083 semperque
1128 2000 1378 2083 fecerit,
1424 2021 1559 2063 esse
1603 2000 1957 2084 hominem,
2005 2000 2121 2083 qui
2165 2000 2355 2086 igno-

320 2092 443 2172 ret,
503 2088 786 2152 arbitror
842 2088 1194 2172 neminem3
1255 2088 1482 2152 domus
1539 2091 1652 2151 tua
1712 2087 1984 2170 denique
2043 2091 2188 2152 tota
2245 2110 2354 2152 me

320 2197 571 2259 semper
625 2176 923 2239 omnibus
979 2174 1245 2239 summis
1292 2175 1522 2239 officiis
1575 2179 1914 2259 prosecuta
1957 2178 2083 2260 est3
2138 2198 2352 2259 neque
2381 2196 2434 2234 ιο

319 2284 471 2326 vero
526 2267 600 2327 tu
653 2264 723 2327 in
776 2285 879 2327 me
936 2263 1262 2349 diligendo
1311 2264 1608 2346 cuiquam
1654 2263 2021 2328 concessisti
2067 2267 2355 2327 tuorum.

320 2349 529 2426 Quare
584 2373 621 2413 a
674 2354 740 2414 te
796 2354 948 2434 peto
1008 2352 1076 2415 in
1134 2351 1445 2415 maiorem
1497 2350 1788 2435 modum,
1846 2355 1920 2415 ut
1964 2373 2069 2415 me
2123 2374 2243 2436 per
2287 2356 2356 2415 te

319 2460 513 2521 quam
566 2437 1046 2503 ornatissimum
1089 2439 1249 2503 velis
1307 2460 1442 2503 esse
1494 2460 1828 2522 meamque
1875 2443 1939 2503 et
1993 2439 2062 2502 in
2112 2440 2356 2524 suppli-

318 2526 568 2589 catione
617 2526 1007 2590 decernenda
1052 2530 1117 2591 et
1171 2527 1239 2590 in
1286 2527 1514 2590 ceteris
1567 2527 1759 2591 rebus
1804 2527 2357 2592 existimationem

318 2614 473 2678 satis
519 2614 642 2679 tibi
689 2634 824 2677 esse
872 2616 1382 2679 commendatam
1425 2618 1629 2698 putes
2385 2634 2436 2673 25

1280 2840 1391 2906 XI.

745 2960 859 3016 Sor.
898 2962 1078 3015 eodem
1116 2962 1227 3017 loco
1264 2968 1317 3017 et
1353 2969 1508 3032 temp.
1549 2980 1654 3033 quo
1695 2980 1776 3032 ep.
1827 2963 1922 3017 VI.

604 3080 680 3137 M.
722 3081 977 3137 CICERO
1016 3082 1162 3139 IMP.
1203 3083 1255 3138 S.
1295 3084 1361 3138 D.
1402 3083 1458 3138 C.
1497 3083 1887 3138 MARCELLO
1924 3083 2074 3141 COS.

454 3224 742 3300 Quantae
772 3246 959 3289 curae
986 3225 1111 3289 tibi
1146 3247 1328 3289 meus
1363 3227 1571 3290 honos
1607 3228 1821 3312 fuerit,
1859 3231 1924 3292 et
1951 3250 2147 3312 quam
2186 3229 2358 3293 idem

320 3312 643 3376 exstiteris
700 3313 923 3377 consul
975 3314 1046 3376 in
1098 3335 1202 3377 mc
1259 3313 1547 3377 ornando
1594 3320 1658 3379 et
1703 3316 2184 3401 amplificand0‚
2245 3317 2356 3400 qui
2385 3336 2438 3374 3⁰

321 3399 533 3462 fileras
580 3421 830 3484 semper
868 3422 1013 3465 cum
1058 3402 1435 3484 parentibus
1479 3402 1611 3467 tuis
1657 3408 1721 3468 et
1768 3425 1914 3469 cum
1958 3408 2100 3469 tota
2148 3368 2358 3489 ‹lom0‚

323 3486 444 3549 etsi
498 3507 599 3549 res
655 3487 794 3571 ipsa
846 3488 1257 3575 loquebatur,
1319 3491 1593 3575 cognovi
1653 3495 1869 3559 tamen
1925 3514 2003 3556 ex
2063 3515 2356 3557 meorum
