2567 3884
484 143 568 203 [Η]
1245 139 1760 218 EPISTULARUM

480 283 560 343 ml
604 281 902 347 meliores
948 282 1143 367 venit,
1188 286 1407 347 tamen
1453 304 1562 347 909
1610 283 1784 368 ipsos
1830 242 2176 347 ferociores
2223 282 2521 366 inpoten-

480 371 804 453 floresque
841 370 1071 455 reddit,
1117 373 1208 455 ut,
1256 371 1510 435 etiamsi
1556 374 1788 434 natura
1831 370 1992 434 tales
2037 391 2169 435 non
2217 370 2372 455 sint,
2417 392 2522 433 ne-

484 458 773 523 cessitate
818 480 956 523 esse
1003 462 1344 545 cogantur-3
1398 460 1606 523 multa
1652 458 1824 523 enim
1869 458 2101 522 victori
2149 479 2382 522 eorum
2428 481 2521 522 ar·

480 546 696 631 bitrio,
740 568 857 631 per
902 568 1064 630 quos
1109 546 1284 631 vicit,
1331 547 1527 612 etiam
1573 546 1779 612 invito
1824 546 2114 610 facienda
2151 549 2320 610 sunt.
2417 545 2521 610 An

480 643 552 695 tu
600 656 728 699 non
773 634 1035 699 videbas
1082 656 1335 698 mecum
1381 635 1591 721 simul,
1640 656 1832 719 quam
1877 634 1990 698 illa
2036 634 2313 699 crudelis
2354 638 2521 699 esset

484 727 697 787 sutura
742 722 1057 787 victoria?
1100 721 1316 809 Igitur
1358 727 1514 787 tunc
1560 745 1816 807 quoque
1852 744 2096 787 careres
2133 722 2378 808 patria,
2426 744 2521 807 ne,

484 831 643 891 quae
688 811 919 895 nolles,
966 810 1259 875 videres?
1352 811 1585 895 ‘Non',
1641 811 1919 895 inquies·
1968 812 2111 897 ‘ego
2160 811 2334 875 enim
2386 812 2522 895 ipse

484 907 765 963 1911919111
802 919 954 983 opes
1002 902 1066 962 et
1114 899 1497 984 dignitatem
1542 900 1793 964 meam?
1884 862 1976 962 At
2022 902 2158 963 erat
2202 903 2358 962 tuae
2399 900 2521 963 vir-

484 987 641 1051 tutis
688 987 757 1050 in
801 986 1088 1050 minimis
1134 990 1278 1050 tuas
1325 1009 1426 1051 res
1470 1008 1740 1073 ponere,
1789 987 1866 1050 de
1911 1008 1980 1051 re
2023 987 2287 1071 publica
2331 987 2521 1051 vehe-

484 1075 761 1139 mentius
806 1074 1117 1137 laborare.
1209 1073 1459 1139 Deinde
1509 1075 1621 1160 qui
1666 1075 1815 1139 finis
1853 1074 2040 1139 istius
2079 1076 2335 1139 consilii
2376 1075 2521 1139 est?
2544 1094 2567 1128 κ

484 1186 632 1227 narn
679 1162 887 1225 adhuc
933 1165 997 1225 et
1042 1162 1285 1226 factum
1331 1166 1517 1227 tuum
1560 1163 1891 1248 probatur,
1939 1168 2003 1226 et
2047 1167 2121 1226 ut
2167 1164 2235 1226 in
2282 1163 2408 1226 tali
2456 1185 2520 1227 re

488 1251 678 1312 [iiam
723 1250 986 1313 fortuna
1029 1250 1356 1335 laudatur,
1402 1253 1674 1335 factum,
1723 1251 1896 1335 quod
1941 1254 2004 1315 et
2049 1251 2314 1315 initium
2361 1251 2521 1315 belli

484 1338 837 1401 ‘necessario
901 1342 1156 1403 secutus
1215 1339 1303 1403 sis
1363 1342 1428 1403 et
1487 1345 1771 1404 extrema
1833 1338 2154 1423 sapienter
2213 1340 2521 1424 persequi

484 1426 783 1510 uolueris,
828 1427 1105 1511 fortuna,
1153 1426 1329 1510 quod
1361 1427 1633 1493 honesto
1672 1428 1806 1492 otio
1843 1427 2124 1492 tenueris
2161 1431 2226 1491 et
2272 1431 2519 1491 statum

488 1519 548 1579 91]
604 1515 840 1578 famam
895 1515 1229 1601 dignitatis
1283 1519 1448 1580 tuae.
1540 1515 1732 1580 Nunc
1785 1536 1938 1579 vero
1991 1536 2109 1579 nec
2161 1515 2344 1579 locus
2392 1516 2518 1580 tibi
2543 1533 2567 1569 1³

484 1627 522 1667 u
532 1603 655 1668 llus
701 1602 949 1667 dulcior
993 1624 1128 1668 9999
1166 1604 1357 1668 debet
1392 1604 1618 1687 patria,
1663 1624 1782 1668 nec
1816 1625 1956 1667 99111
1993 1603 2262 1689 diligere
2299 1604 2518 1667 minus

488 1692 694 1775 1191199,
742 1691 917 1776 quod
953 1691 1306 1756 deformior
1341 1695 1453 1775 est,
1491 1692 1603 1755 sed
1637 1691 1926 1755 misereri
1962 1691 2180 1775 potius
2215 1713 2336 1755 nec
2373 1714 2518 1756 eam

492 1780 706 1843 multis
753 1778 939 1844 claris
984 1780 1141 1844 viris
1197 1780 1490 1844 orbatam
1535 1778 1789 1863 privare
1834 1780 2028 1844 etiam
2073 1783 2336 1863 aspectu
2380 1784 2516 1845 tuo.

416 1891 440 1931 ι-1
491 1868 803 1952 lienique,
850 1867 905 1932 si
949 1867 1076 1932 fuit
1120 1868 1341 1954 magni
1388 1868 1585 1932 animi
1631 1890 1762 1933 non
1807 1889 1942 1933 esse
1987 1868 2342 1952 supplicem
2387 1869 2517 1933 vic-

492 1959 638 2041 mi,
683 1956 855 2041 vide,
901 1978 981 2019 119
1027 1957 1289 2040 superbi
1335 1956 1420 2021 sit
1466 1956 1791 2042 aspernari
1836 1957 2118 2022 eiusdem
2161 1955 2516 2021 liberalita-
2542 1973 2567 2011 ἓ

488 2051 617 2107 ism
671 2047 761 2129 et,
819 2046 879 2108 si
922 2044 1228 2128 sapientis
1285 2048 1382 2109 est
1436 2067 1649 2110 carere
1693 2045 1928 2129 patria,
1984 2045 2129 2108 duri
2171 2066 2304 2108 non
2353 2045 2517 2110 desi-

488 2135 730 2216 1191919ς
786 2135 875 2216 et,
932 2132 987 2195 si
1032 2154 1101 2197 re
1146 2133 1408 2216 publica
1451 2156 1583 2197 non
1626 2132 1833 2217 possis
1878 2134 2034 2218 frui,
2094 2133 2369 2197 stultum
2417 2138 2517 2198 est

484 2219 657 2283 nofle
712 2219 979 2302 privata.
1074 2219 1282 2305 Caput
1342 2221 1505 2285 illud
1563 2225 1684 2304 est,
1748 2225 1846 2305 ut,
1911 2221 1966 2285 si
2019 2222 2144 2286 ista
2196 2221 2334 2285 vita
2385 2222 2518 2287 tibi

488 2307 884 2371 vommodior
936 2329 1071 2373 esse
1125 2309 1444 2393 videatur,
1512 2310 1926 2395 cogitandum
1982 2313 2199 2374 tamen
2258 2310 2371 2395 sit,
2433 2332 2516 2374 119

488 2395 690 2459 tutior
732 2416 863 2460 non
908 2396 1009 2459 sit.
1099 2396 1339 2483 Magna
1392 2397 1758 2483 gladiorum
1804 2401 1900 2462 est
1943 2397 2229 2482 licentia,
2284 2397 2399 2462 sed
2447 2399 2517 2461 in
2543 2414 2567 2452 2

488 2482 765 2547 *sternis
809 2483 968 2548 locis
1003 2484 1218 2547 minor
1254 2486 1450 2549 etiam
1487 2486 1570 2549 ad
1604 2486 1851 2551 facinus
1887 2486 2284 2550 verecundia.
2345 2486 2517 2550 Mihi

488 2575 652 2635 :zalus
699 2576 811 2635 tua
855 2575 1071 2636 tantae
1109 2594 1298 2637 curae
1340 2577 1452 2658 est,
1500 2578 1573 2638 ut
1617 2573 1940 2659 Marcello,
1985 2574 2174 2638 fratri
2219 2578 2356 2661 tuo,
2401 2580 2516 2639 aut

492 2683 600 2743 [mr
643 2664 755 2723 aut
801 2663 971 2724 certe
1015 2661 1350 2745 proximus
1396 2662 1546 2748 sim3
1605 2665 1791 2726 tuum
1838 2666 1933 2727 est
1980 2663 2311 2728 consulere
2356 2667 2516 2728 tem-

491 2748 758 2831 poribus
794 2751 858 2812 et
903 2748 1336 2814 incolumitati
1382 2754 1447 2814 et
1491 2750 1662 2815 vitae
1709 2754 1773 2814 et
1817 2751 2095 2815 fortunis
2139 2752 2288 2815 tuis.

1455 2978 1532 3042 X.
2539 2996 2567 3035 s«

900 3098 1015 3153 Ser.
1054 3099 1264 3153 Romae
1301 3100 1379 3152 in.
1417 3116 1485 3154 m.
1526 3099 1666 3154 Nov.
1706 3117 1757 3154 a.
1802 3103 1913 3155 '708
1955 3101 2092 3167 (46).

1106 3219 1364 3274 CICERO
1402 3219 1792 3275 MARCELLO
1834 3220 1888 3275 S.

416 3383 436 3423 1
612 3359 757 3424 Etsi
801 3362 970 3427 nihil
1015 3368 1151 3428 erat
1196 3364 1367 3449 novi,
1415 3364 1589 3448 quod
1635 3363 1717 3427 ad
1759 3367 1825 3428 te
1871 3364 2236 3451 scriberem,
2285 3367 2514 3454 magis-

484 3471 604 3530 que
629 3447 879 3513 litteras
907 3454 1050 3515 tuas
1088 3452 1217 3516 iam
1254 3456 1588 3535 expectare
1631 3452 2018 3539 incipiebam
2051 3453 2158 3519 vel
2193 3457 2262 3520 te
2299 3456 2514 3540 potius
