2567 3884
942 185 1161 240 LIBER
1196 186 1301 240 VII
1339 191 1495 241 3—6.
2125 187 2253 251 175

350 328 572 393 Habes
608 328 951 412 epistulam
986 329 1425 394 verbosiorem
1463 331 1752 415 fortasse,
1798 353 1992 415 quam
2028 332 2253 418 velles3

222 418 395 502 quod
449 417 574 481 tibi
627 417 722 481 ita
766 417 971 482 videri
1025 417 1300 503 putab0,
1352 418 1479 481 nisi
1533 419 1696 483 mihi
1751 420 2111 506 longiorem
2158 442 2255 484 re-

219 506 486 570 miseris.
577 504 722 591 Ego
770 506 851 590 si,
899 527 1060 589 quae
1106 507 1255 570 volo
1263 557 1283 592 ,
1331 506 1689 593 expediero,
1735 507 1918 573 brevi
1962 512 2252 592 tempore

219 598 302 680 te,
347 598 423 658 ut
467 614 673 680 spero,
717 593 969 659 videbo.

164 840 193 881 5
1180 821 1295 888 IV.

523 941 638 997 Sor.
674 943 739 998 in
775 941 1022 999 Cumano
1057 961 1128 999 m.
1164 947 1356 1001 intere.
1388 953 1527 1016 post.
1564 964 1618 1000 a.
1660 949 1772 1002 7¹08
1810 948 1944 1016 (46).

753 1065 828 1122 M.
870 1064 1127 1122 CICERO
1168 1067 1220 1123 S.
1248 1068 1317 1124 D.
1348 1068 1422 1124 M.
1462 1067 1713 1123 MARIO.

352 1205 431 1272 A.
480 1208 537 1272 d.
582 1227 736 1274 xlm
781 1209 859 1274 K.
906 1211 975 1274 in
1023 1209 1384 1275 Cumanum
1439 1212 1587 1276 veni
1642 1233 1789 1276 eum
1832 1209 2081 1276 Libone
2133 1216 2249 1277 tuo

217 1296 324 1361 vel
368 1300 592 1361 nostro
646 1299 891 1384 potius3
946 1299 1016 1362 in
1059 1299 1525 1384 Pompeianum
1571 1300 1793 1365 statim
1840 1300 2083 1386 cogito,
2140 1301 2251 1365 sed

136 1407 190 1446 10
219 1385 454 1449 faciam
491 1389 638 1450 ante
673 1390 738 1450 te
777 1387 1130 1452 certiorem.
1212 1387 1304 1452 Te
1342 1409 1487 1453 eum
1529 1409 1779 1472 semper
1812 1389 2023 1453 valere
2061 1390 2250 1474 eupio

217 1477 361 1538 tum
408 1477 603 1559 certe,
661 1475 814 1539 dum
871 1475 981 1539 hie
1035 1497 1281 1561 sumus3
1337 1476 1516 1540 vides
1562 1477 1759 1561 enim,
1815 1482 2057 1560 quanto
2102 1481 2252 1561 post

219 1583 350 1626 una
375 1562 582 1626 futuri
609 1563 826 1627 simus.
921 1562 1147 1646 Quare,
1193 1565 1250 1628 si
1286 1565 1462 1648 quod
1498 1565 1923 1629 constitutum
1960 1587 2105 1629 eum
2140 1587 2253 1649 po-

221 1650 422 1736 dagra
446 1650 663 1735 habes,
708 1652 827 1735 fae,
872 1655 948 1715 ut
982 1652 1052 1715 in
1089 1652 1289 1716 alium
1318 1653 1487 1716 diem
1516 1653 1788 1717 differas
1836 1651 2005 1718 Cura
2030 1654 2252 1740 igitur,

219 1743 296 1803 ut
339 1739 571 1824 valeas,
617 1744 682 1803 et
725 1761 829 1804 me
875 1739 1000 1804 hoe
1044 1740 1244 1805 biduo
1292 1745 1405 1805 aut
1449 1741 1667 1806 triduo
1715 1745 2028 1826 exspecta.

139 1988 191 2028 15
1199 1969 1278 2034 V.

701 2089 816 2144 Sor.
854 2089 1063 2144 Romae
1098 2107 1165 2144 m.
1205 2091 1346 2159 Apr.
1385 2108 1437 2145 a.
1478 2093 1589 2146 700
1626 2092 1763 2159 (54).

747 2211 1002 2267 CICERO
1042 2211 1350 2267 CAESARI
1383 2211 1530 2266 IMP.
1570 2211 1623 2267 S.
1656 2212 1724 2268 D.

352 2354 546 2439 Vide,
603 2378 796 2440 quam
839 2356 1003 2421 mihi
1055 2356 1482 2441 persuaserim
1527 2359 1593 2420 te
1636 2378 1741 2420 me
1786 2378 1923 2421 esse
1977 2357 2252 2422 alterum
2294 2375 2320 2423 1

215 2465 351 2509 non
395 2444 589 2508 modo
636 2445 705 2508 in
750 2445 830 2509 iis
876 2445 1086 2530 rebus,
1132 2466 1295 2528 quae
1342 2445 1423 2508 ad
1465 2466 1569 2508 me
1614 2444 1859 2530 ipsum,
1906 2445 2018 2510 sed
2054 2446 2250 2510 etiam

131 2553 187 2592 20
216 2533 291 2597 in
312 2543 316 2550 '
341 2532 450 2615 iis,
506 2554 668 2616 quae
723 2533 804 2596 ad
855 2554 1034 2598 meos
1086 2533 1429 2616 pertinent.
1535 2530 1601 2596 C.
1649 2531 2026 2597 Trebatium
2082 2534 2253 2620 eogi-

213 2625 443 2704 taram,
481 2641 884 2705 quocumque
922 2621 1180 2705 exirem,
1215 2642 1469 2685 meeum
1508 2621 1754 2705 ducere,
1800 2624 1874 2684 ut
1910 2643 2057 2685 eum
2091 2622 2253 2685 meis

217 2708 521 2773 omnibus
567 2710 814 2793 studiis,
860 2709 1187 2773 benefieiis
1232 2732 1425 2794 quam
1464 2709 1944 2773 ornatissimum
1990 2709 2252 2773 domum

215 2797 614 2882 reducerem3
687 2798 823 2882 sed,
885 2801 1306 2882 posteaquam
1370 2801 1436 2862 et
1497 2796 1766 2881 Pompei
1832 2796 2250 2861 commoratio

217 2884 587 2949 diuturnior
633 2890 801 2970 erat,
856 2908 1049 2969 quam
1093 2889 1417 2969 putaram,
1474 2889 1540 2950 et
1582 2907 1727 2949 mea
1771 2885 2083 2968 quaedam
2127 2884 2251 2948 tibi

127 2992 187 3033 25
215 2995 350 3038 non
396 2973 623 3066 ignpta
667 2973 988 3039 dubitatio
1026 2979 1138 3039 aut
1182 2974 1495 3058 impedire
1538 2973 2005 3056 profectionem
2039 2994 2251 3036 meam

215 3061 562 3127 videbatur
614 3066 727 3126 aut
781 3066 952 3127 eerte
995 3062 1250 3126 tardare
1298 3060 1499 3149 (vide,
1559 3061 1716 3146 quid
1758 3061 1921 3125 mihi
1968 3083 2253 3145 sumpse-

215 3147 400 3238 rim),
457 3151 638 3234 eoepi
682 3150 848 3215 velle
894 3172 969 3214 ea
1020 3150 1397 3214 Trebatium
1444 3152 1809 3233 exspectare
1856 3170 1894 3212 a
1926 3152 2030 3232 -te,
2088 3170 2250 3233 quae

216 3241 534 3323 sperasset
581 3260 620 3301 a
660 3260 791 3325 me,
848 3260 1056 3323 neque
1101 3238 1464 3303 mehercule
1509 3237 1724 3302 minus
1770 3237 1829 3300 ei
1873 3236 2126 3320 prolixe
2174 3237 2252 3300 de

213 3331 330 3392 tua
365 3326 699 3391 voluntate
735 3327 1022 3411 promisi,
1070 3348 1262 3411 quam
1300 3348 1474 3390 eram
1510 3325 1739 3389 solitus
1778 3324 1854 3388 de
1888 3347 2033 3388 mea
2066 3325 2253 3409 polli-

123 3437 186 3476 so
216 3415 362 3479 ceri.
458 3412 656 3478 Casus
691 3435 844 3480 vero
881 3416 1192 3479 mirificus
1231 3415 1493 3499 quidam
1536 3413 1885 3478 intervenit
1930 3415 2114 3497 quasi
2150 3414 2254 3478 vel
2289 3431 2324 3477 2

212 3504 400 3568 testis
466 3503 790 3586 opinionis
851 3525 1028 3568 meae
1091 3504 1196 3568 vel
1258 3523 1531 3586 sponsor
1599 3501 2022 3567 humanitatis
2084 3506 2248 3567 tuae.
