2567 3884
308 187 436 251 174
1067 186 1584 242 EPISTULARUM

304 352 468 417 quae
515 330 676 414 dixi,
729 330 1154 395 incommodis
1207 330 1375 393 nihil
1428 330 1833 396 tolerabilius
1878 331 2099 417 exilio,
2157 353 2338 416 prae-

306 420 530 484 sertim
579 419 924 503 innocenti,
970 418 1086 482 ubi
1132 419 1315 482 nulla
1359 418 1722 484 adiunctast
1766 420 2121 504 turpitudO,
2167 421 2334 484 addo

307 509 527 572 etiam:
575 529 720 572 cum
767 529 840 571 ea
885 507 1045 571 urbe
1092 528 1332 590 careas,
1376 507 1448 571 in
1493 529 1621 592 qua
1665 507 1833 572 nihil
1876 508 1980 593 sit,
2026 509 2200 608 quod
2244 509 2336 572 vi-

308 597 456 660 dere
499 594 708 696 possis
752 595 888 659 sine
934 595 1172 659 dolore.
1262 594 1409 680 Ego
1455 616 1603 660 cum
1646 596 1834 681 meis,
1888 596 1943 660 si
1990 597 2336 680 quicquam

306 706 477 748 nunc
522 684 897 767 cuiusquam
943 686 1065 767 est,
1110 682 1305 747 etiam
1351 684 1421 747 in
1465 684 1626 748 meis
1670 706 1806 748 esse
1850 684 2067 749 malui.
2158 683 2336 760 Quae
2390 704 2417 744 5

236 793 270 840 4
305 773 690 856 acciderunt,
736 771 954 835 omnia
989 771 1124 835 dixi
1160 771 1394 835 futura.
1485 770 1655 836 Veni
1701 773 1981 856 domum,
2025 794 2158 837 non
2202 794 2334 857 quo

309 861 555 945 optima
597 859 854 925 vivendi
902 859 1192 923 condicio
1237 864 1421 945 esset,
1468 861 1579 924 sed
1623 864 1865 945 tamen,
1911 861 1966 924 si
2012 865 2177 926 esset
2222 861 2338 924 ali-

308 972 436 1033 qua
470 950 682 1014 forma
716 949 810 1012 rei
846 971 906 1032 p.
894 998 926 1032 .,
963 951 1293 1031 tamquam
1328 949 1399 1012 in
1433 948 1645 1032 patria
1679 952 1754 1013 ut
1790 971 2009 1033 essem,
2046 950 2103 1013 si
2136 950 2336 1034 nulla,

306 1041 636 1122 tamquam
695 1038 764 1101 in
823 1036 1036 1100 exilio,
1124 1034 1406 1100 Mortem
1463 1037 1626 1100 mihi
1687 1059 1801 1101 cur
1859 1038 2334 1123 consciscerem,

307 1148 497 1190 causa
549 1147 681 1189 non
729 1125 958 1208 visast,
1005 1145 1118 1188 cur
1173 1128 1489 1208 optarem,
1534 1125 1775 1189 multae
1822 1146 2061 1190 causae.
2125 1125 2335 1190 Vetus
2362 1146 2416 1186 10

307 1218 406 1279 est
451 1215 649 1298 enim,
704 1212 838 1277 ubi
882 1234 1031 1276 non
1085 1213 1216 1297 sis,
1272 1213 1402 1296 qui
1448 1213 1717 1298 fueriS,
1768 1235 1922 1278 non
1968 1235 2155 1298 esse,
2202 1236 2337 1278 cur

306 1303 504 1367 velis
558 1303 834 1366 vivere.
925 1299 1052 1364 Sed
1103 1303 1321 1365 tamen
1374 1322 1599 1366 vacare
1653 1301 1841 1386 culpa
1883 1324 2190 1388 magnum
2236 1307 2337 1366 est

308 1391 633 1474 solacium,
677 1389 1055 1473 praesertim
1101 1410 1246 1453 cum
1290 1389 1563 1454 habeam
1600 1389 1756 1454 duas
1793 1412 1911 1474 reS,
1957 1391 2193 1474 quibus
2228 1413 2336 1454 me

307 1483 676 1562 sustentem,
721 1477 1112 1562 optimarum
1155 1477 1394 1542 artium
1440 1478 1772 1542 scientiam
1808 1483 1873 1542 et
1906 1479 2336 1543 maximarum

307 1589 521 1631 rerum
584 1566 886 1652 gloriam3
949 1587 1221 1650 quarum
1285 1566 1487 1630 altera
1546 1566 1710 1631 mihi
1768 1567 1919 1631 vivo
1975 1589 2334 1651 numquam
2362 1587 2418 1628 15

311 1655 638 1740 eripietur,
685 1654 886 1719 altera
928 1676 1010 1717 ne
1053 1658 1313 1718 mortuo
1361 1655 1635 1738 quidem.

238 1762 270 1810 5
440 1742 619 1807 Haec
673 1742 754 1806 ad
804 1745 871 1806 te
929 1742 1154 1826 scripsi
1200 1743 1539 1807 verbosius
1584 1746 1648 1806 et
1693 1742 1818 1807 tibi
1862 1743 2173 1808 molestus
2218 1743 2335 1828 fui,

310 1832 485 1916 quod
527 1835 592 1898 te
647 1852 792 1896 cum
845 1831 974 1895 mei
1029 1833 1169 1894 tum
1224 1831 1320 1894 rei
1363 1853 1423 1914 p.
1472 1831 1746 1917 cognovi
1804 1831 2335 1896 amantissimum.

308 1919 556 1985 Notum
601 1919 726 1984 tibi
772 1941 960 1984 omne
1004 1941 1221 1983 meum
1268 1919 1608 1983 consilium
1654 1941 1789 1983 esse
1835 1919 2040 2004 volui,
2085 1923 2159 1984 ut
2203 1920 2336 2003 pri-

307 2032 487 2073 mum
551 2008 744 2072 scires
805 2029 908 2072 me
979 2029 1331 2091 numquam
1393 2008 1673 2072 voluisse
1733 2007 1880 2092 plus
1944 2029 2333 2093 quemquam
2362 2028 2418 2068 20

306 2117 494 2180 posse
539 2119 732 2180 quam
777 2095 1139 2159 universam
1184 2118 1321 2159 rem
1357 2118 1416 2179 p.
1403 2146 1437 2180 .,
1480 2099 1705 2180 postea
1740 2099 1955 2160 autem
1992 2118 2184 2180 quam
2220 2096 2335 2160 ali-

309 2185 490 2248 cuius
527 2185 714 2269 culpa
747 2186 1002 2248 tantum
1038 2183 1279 2247 valeret
1315 2205 1499 2269 unus,
1544 2187 1619 2248 ut
1656 2184 1882 2268 opsisti
1930 2207 2062 2250 non
2096 2188 2333 2286 posset,

305 2295 410 2336 me
463 2272 742 2336 voluisse
794 2293 1047 2357 pacem3
1112 2272 1347 2336 amisso
1415 2273 1700 2336 exercitu
1754 2276 1819 2337 et
1872 2294 1948 2337 eo
2010 2273 2191 2357 duce,
2260 2273 2334 2336 in

307 2381 437 2444 quo
491 2381 634 2444 spes
693 2361 903 2423 fuerat
957 2381 1114 2445 uno,
1173 2383 1276 2424 me
1321 2361 1601 2425 voluisse
1647 2361 1842 2424 etiam
1887 2361 2153 2445 reliquis
2198 2382 2333 2424 om-

304 2448 514 2533 nibus,
558 2452 901 2532 postquam
945 2470 1077 2512 non
1121 2449 1462 2532 potuerim,
1507 2449 1669 2513 mihi
1706 2449 1832 2533 ipsi
1868 2449 2063 2513 finem
2106 2448 2333 2513 fecisse
2360 2468 2415 2508 25

305 2537 488 2623 belli3
532 2558 703 2601 nunc
747 2540 988 2621 autem,
1035 2537 1090 2600 si
1135 2537 1295 2600 haec
1339 2537 1565 2601 civitas
1611 2540 1734 2623 est,
1781 2537 1984 2601 civem
2030 2558 2165 2601 esse
2208 2559 2332 2621 me,

306 2626 362 2690 si
405 2647 563 2709 non,
623 2624 876 2689 exulem
922 2646 1057 2689 esse
1100 2646 1232 2689 non
1277 2625 1781 2689 incommodiore
1826 2626 1988 2710 loce,
2035 2645 2228 2709 quam
2276 2625 2333 2689 si

303 2712 609 2778 Rhodum
654 2718 766 2777 aut
800 2711 1148 2796 Mytilenas
1191 2734 1295 2778 me
1342 2713 1770 2777 contulissem.

234 2822 265 2869 6
436 2801 614 2865 Haec
665 2805 880 2865 tecum
942 2822 1156 2865 coram
1217 2801 1603 2886 malueram3
1668 2802 1803 2886 sed,
1867 2801 2019 2885 quia
2069 2801 2333 2887 longius

304 2889 526 2975 fiebat,
571 2889 750 2954 volui
803 2910 920 2972 per
961 2889 1212 2953 litteras
1267 2889 1513 2974 eadem,
1568 2893 1642 2953 ut
1684 2889 1981 2974 haberes,
2037 2889 2195 2973 quid
2240 2889 2331 2953 di·
2360 2909 2413 2948 30

304 2999 494 3062 ceres,
540 2978 596 3041 si
643 2977 897 3062 quando
932 2977 1002 3041 in
1038 2977 1507 3061 vituperatores
1542 2999 1721 3042 meos
1756 2977 2101 3042 incidisses.
2165 2976 2333 3042 Sunt

303 3066 493 3151 enim,
539 3065 669 3150 qui,
717 3087 862 3129 cum
906 3087 1088 3130 meus
1133 3066 1439 3130 interitus
1485 3066 1653 3130 nihil
1697 3066 1894 3130 fuerit
1939 3066 2032 3129 rei
2077 3089 2137 3149 p.
2185 3087 2332 3167 pro—

300 3154 584 3238 futurus,
643 3153 931 3217 criminis
975 3154 1117 3218 loco
1169 3158 1404 3238 putent
1458 3176 1619 3238 esse,
1680 3154 1856 3238 quod
1897 3154 2137 3239 vivam3
2195 3154 2333 3237 qui-

300 3241 422 3305 bus
487 3263 607 3328 ego
664 3245 838 3306 certo
905 3242 1037 3306 scio
1100 3264 1232 3306 non
1285 3243 1491 3307 videri
1558 3243 1715 3306 satis
1776 3242 2017 3306 multos
2070 3241 2330 3326 perisse.

301 3327 426 3404 Qui
484 3331 540 3393 si
598 3351 701 3393 me
762 3330 1116 3416 audissent,
1181 3331 1475 3432 quamvis
1533 3331 1758 3415 iniqua
1812 3352 1999 3415 pace,
2061 3331 2332 3395 honeste
2360 3346 2412 3388 ³5

297 3419 514 3566 ffen
541 3507 586 3567 ἡ.
586 3418 906 3504 viverent3
987 3418 1183 3484 armis
1255 3420 1428 3484 enim
1500 3420 1867 3505 inferiores,
1938 3441 2070 3484 non
2142 3439 2334 3484 causa

397 3524 540 3566 ssen
