2567 3884
321 144 402 208 57
409 144 450 205 2
1164 144 1514 198 EPISTULA

321 309 438 370 per
479 290 544 350 te
581 286 817 351 servati
853 308 926 351 ac
971 287 1224 351 iudiciis
1269 288 1528 352 liberati
1573 292 1738 351 sunt.
1828 287 2005 351 Haec
2039 291 2112 351 tu
2147 286 2347 371 plane

323 375 402 438 ab
457 375 560 439 his
612 375 964 459 postulato,
1023 379 1122 459 ut,
1176 376 1480 458 quoniam
1532 376 1710 439 nulla
1762 376 2049 459 impensa
2101 398 2221 459 per
2277 380 2346 439 te

323 463 434 527 alii
479 484 638 546 rem,
699 463 809 525 alii
862 464 1197 547 honorem,
1253 464 1364 527 alii
1420 465 1689 529 salutem
1744 486 1817 527 ac
1870 465 2161 528 fortunas
2208 486 2347 528 om-

321 573 434 615 nes
489 552 909 635 optinuerint,
963 572 1080 614 nec
1133 551 1311 615 aliud
1354 553 1558 616 ullum
1601 557 1853 636 tempus
1899 553 2192 616 futurum
2239 553 2345 636 sit,

323 643 396 703 ut
439 640 564 703 tibi
608 639 844 703 referre
889 641 1162 725 gratiam
1208 641 1475 725 possint,
1518 640 1643 704 hoc
1687 644 1753 705 te
1791 640 2003 704 officio
2050 662 2345 704 remune-
2398 658 2421 696 5

325 732 562 791 rentur.

456 815 568 899 Et,
615 816 917 898 quoniam
963 816 1030 879 in
1077 817 1428 880 amicorum
1474 816 1701 881 studiis
1746 817 1904 880 haec
1950 817 2157 881 omnis
2205 838 2345 880 ora-

323 904 417 966 tio
478 907 795 987 versatur,
862 904 973 987 qui
1030 904 1208 967 locus
1269 905 1337 967 in
1394 905 1519 969 hoc
1570 927 1801 990 genere
1858 905 2170 969 cavendus
2228 910 2343 989 est,

323 992 926 1075 praetermittendus
979 1014 1110 1055 non
1163 992 1433 1056 videtur.
1523 992 1792 1056 Fraudis
1848 996 2038 1076 atque
2082 994 2343 1057 insidia-

326 1102 470 1143 rum
524 1083 588 1143 et
639 1080 943 1164 perfidiae
1000 1081 1191 1163 plena
1243 1084 1394 1144 sunt
1453 1081 1683 1145 omnia.
1781 1079 1933 1145 Non
1992 1084 2088 1145 est
2145 1081 2342 1144 huius
2369 1100 2417 1137 1⁰

324 1168 632 1252 temporis
685 1172 993 1252 perpetua
1046 1168 1161 1231 illa
1207 1168 1282 1232 de
1328 1169 1451 1233 hoc
1496 1191 1727 1255 genere
1774 1169 2147 1253 disputatiO,
2202 1170 2343 1252 qui-

324 1256 446 1320 bus
482 1256 672 1320 rebus
709 1256 1042 1320 benivolus
1081 1261 1143 1319 et
1181 1257 1517 1321 simulator
1554 1257 1885 1321 diiudicari
1929 1258 2159 1342 possit3
2203 1261 2342 1319 tan-

325 1347 465 1407 tum
503 1348 598 1407 est
642 1344 832 1407 huius
878 1345 1186 1427 temporis
1223 1346 1578 1409 admonere.
1670 1344 1932 1409 Summa
1976 1349 2089 1409 tua
2134 1346 2340 1410 virtus

225 776 306 841 10

219 868 285 916 39

326 1431 580 1495 eosdem
623 1432 914 1495 homines
960 1436 1024 1495 et
1069 1433 1368 1497 simulare
1413 1433 1535 1496 tibi
1582 1455 1647 1497 se
1693 1455 1827 1497 esse
1872 1433 2108 1497 amicos
2148 1438 2212 1497 et
2248 1435 2340 1497 in-

324 1520 539 1583 videre
578 1520 802 1605 coegit.
877 1519 1081 1596 Quam
1119 1521 1202 1586 ob
1240 1543 1376 1585 rem
1416 1519 1869 1605 Ἐπιχάρμειον
1906 1521 2069 1584 illud
2102 1526 2338 1605 tenet0,
2365 1538 2409 1577 1⁵

325 1629 596 1672 nervos
643 1612 867 1690 atque
921 1612 1132 1671 artus
1177 1630 1339 1673 esse
1394 1610 1817 1691 sapientiae
1861 1631 2010 1673 non
2057 1613 2338 1674 temere

219 1712 289 1762 40
327 1694 654 1779 credere,
701 1700 781 1779 et,
819 1717 963 1760 cum
992 1701 1252 1761 tuorum
1281 1698 1631 1762 amicorum
1668 1698 1878 1761 studia
1914 1698 2338 1782 constitueris,

323 1787 463 1848 tum
509 1784 702 1847 etiam
741 1784 1241 1848 obtrectatorum
1290 1789 1479 1867 atque
1518 1785 2021 1849 adversariorum
2058 1786 2337 1850 rationes

324 1876 387 1936 et
443 1894 678 1957 genera
739 1872 1122 1957 cognoscito,
1229 1872 1405 1936 Haec
1460 1874 1586 1937 tria
1643 1877 1821 1957 sunt,
1882 1894 2108 1959 unum,
2175 1896 2333 1957 quos

321 1961 589 2044 laesisti,
643 1960 938 2044 alterum,
995 1961 1105 2044 qui
1161 1961 1296 2025 sine
1350 1982 1537 2025 causa
1590 1983 1720 2025 non
1764 1966 2007 2045 amant,
2052 1964 2334 2046 tertium,
2360 1980 2406 2019 20

325 2049 437 2131 (1111
499 2049 988 2132 competitorum
1051 2048 1232 2113 valde
1299 2050 1487 2113 amici
1554 2054 1718 2113 sunt.
1828 2048 2000 2125 Quos
2072 2050 2331 2134 laesisti,

325 2158 469 2199 cum
523 2142 746 2200 contra
799 2159 907 2200 eos
961 2158 1080 2219 pro
1135 2137 1341 2200 amico
1399 2138 1661 2221 diceres,
1714 2140 1798 2201 iis
1844 2144 1897 2202 te
1948 2139 2137 2221 plane
2190 2161 2337 2222 pur-

323 2227 502 2308 gato,
557 2225 1051 2288 necessitudines
1105 2230 1627 2309 commemorato,
1662 2214 1751 2289 'in
1804 2248 1980 2310 spem
2036 2226 2333 2290 adducito

323 2315 388 2374 te
432 2312 500 2374 in
547 2333 767 2375 eorum
821 2313 1037 2396 rebus,
1099 2314 1151 2375 si
1197 2335 1262 2377 se
1318 2314 1385 2377 in
1439 2314 1786 2378 amicitiam
1840 2320 2011 2377 tuam
2056 2314 2335 2378 contule-

324 2399 472 2483 rint,
517 2398 657 2482 pari
703 2399 914 2463 studio
953 2405 1143 2483 atque
1183 2401 1396 2465 officio
1443 2403 1747 2465 futurum.
1794 2390 1937 2479 (Qui
1975 2403 2111 2465 sine
2150 2424 2333 2465 causa
2358 2420 2401 2459 25

323 2509 455 2552 non
499 2491 739 2570 amant,
785 2508 892 2551 eos
938 2493 1049 2551 aut
1093 2488 1403 2553 beneficio
1449 2493 1558 2554 aut
1584 2511 1715 2581 *spe
1761 2493 1872 2552 aut
1916 2490 2333 2575 significando

215 2538 274 2671 ᾗ
323 2579 436 2640 tuo
497 2598 650 2661 erga
707 2575 854 2639 illos
912 2576 1124 2639 studio
1186 2577 1335 2640 dato
1397 2565 1654 2660 offeram
1713 2581 1785 2640 ut
1842 2578 1917 2641 de
1971 2578 2083 2642 illa
2138 2578 2332 2641 animi

322 2665 637 2747 pravitate
666 2660 967 2727 deducas(
1043 2663 1329 2740 Quorum
1356 2666 1651 2729 voluntas
1679 2666 1802 2728 erit
1830 2665 1945 2729 abs
1972 2669 2035 2729 te
2071 2670 2335 2750 propter

323 2752 816 2835 competitorum
863 2752 1172 2816 amicitias
1219 2753 1505 2838 alienior,
1552 2754 1632 2816 iis
1679 2775 1933 2836 quoque
1977 2754 2198 2817 eadem
2244 2755 2334 2818 in-

323 2841 560 2920 servito
607 2840 853 2903 ratione
892 2861 1017 2923 qua
1062 2842 1497 2924 superioribus
1535 2846 1614 2925 et,
1661 2842 1715 2904 si
1758 2841 2030 2925 probare
2074 2844 2331 2926 poteriS,
2356 2860 2401 2899 ³⁰

321 2932 386 2992 te
432 2928 500 2992 in
545 2949 653 2991 eos
697 2928 871 3012 ipsos
916 2929 1367 3012 competitores
1411 2933 1557 2993 tuos
1602 2929 1901 2993 benivolo
1948 2950 2082 2993 esse
2120 2931 2331 2994 animo

221 3016 677 3126 HQtendito,
1093 3104 1104 3117 .
1154 3105 1165 3117 .
1208 3105 1244 3117 ..
1535 3106 1546 3118 .
1757 3106 1769 3119 .
1977 3105 1990 3118 .
2142 3106 2155 3119 .

216 3154 280 3201 41
455 3103 769 3180 Quoniam
834 3104 910 3167 de
981 3109 1280 3168 am1cltns
1346 3105 1806 3169 constituend1s
1872 3108 2032 3169 satls
2093 3104 2331 3170 dictum

322 3195 442 3275 est,
492 3192 826 3255 dicendum
873 3195 968 3255 est
1015 3192 1091 3255 de
1137 3193 1249 3256 illa
1294 3193 1495 3257 altera
1538 3198 1719 3277 parte
1762 3194 2096 3277 petitionis
2109 3244 2127 3277 ,
2175 3216 2331 3278 quae

320 3278 390 3341 in
442 3280 738 3362 populari
791 3280 1038 3343 ratione
1091 3283 1396 3344 versatur.
1479 3281 1576 3345 Ea
1622 3281 1935 3345 desiderat
1978 3283 2333 3346 nomencla-
2354 3299 2397 3339 ³⁵

319 3366 587 3449 tionem,
635 3367 1036 3452 blanditiam,
1085 3368 1522 3433 assiduitatem
1535 3420 1553 3453 ,
1598 3370 2078 3455 benignitatem,
2125 3392 2332 3434 rumo-

214 3466 282 3513 42
321 3473 486 3538 rem,
551 3475 727 3536 spem
786 3454 855 3517 in
910 3477 978 3517 re
1036 3456 1309 3539 publica.
1399 3455 1720 3543 Primum,
1783 3458 1957 3541 quod
2013 3458 2203 3543 faciS,
2262 3464 2331 3523 ut
