2567 3884
246 1044 310 1091 10

245 2713 304 2759 11

346 179 478 243 510
681 257 688 265 ,
1045 178 1559 233 EPISTULARUM

347 322 552 385 mines
612 324 896 385 amantes
954 322 1084 406 tui,
1146 322 1321 405 quod
1374 325 1470 385 est
1524 322 1740 405 facile,
1798 324 1871 385 ut
1922 322 2081 385 haec
2137 344 2377 409 genera

348 410 660 473 tollantur
714 410 1132 493 epistolarum
1177 410 1459 493 primum
1505 410 1899 493 iniquarum,
1955 409 2183 474 deinde
2231 432 2379 474 con-

347 498 708 581 trariarum,
754 501 894 561 tum
933 497 1206 561 absurde
1243 500 1307 560 et
1344 497 1648 561 inusitate
1686 498 2084 582 scriptarum,
2128 502 2379 581 postre-

347 607 454 649 mo
500 586 570 649 in
616 586 893 669 aliquem
941 586 1563 649 contumeliosarum.
1635 585 1851 668 Atque
1888 606 2007 671 ego
2043 585 2206 649 haec
2240 590 2377 649 tam

348 695 508 758 esse,
565 695 782 773 quam.
803 673 1021 757 audio,
1075 694 1206 737 non
1249 676 1435 757 puto,
1492 676 1580 756 et,
1636 674 1690 736 si
1746 677 1894 737 sunt
1942 673 2377 757 occupationi·
2428 692 2451 731 ⁵

347 761 468 825 bus
521 762 652 825 tuis
696 762 909 825 minus
957 761 1421 845 animadversa,
1473 783 1645 824 nunc
1695 762 1983 844 perspice
2029 764 2095 825 et
2149 784 2376 847 purga.

345 849 506 935 Legi
543 850 899 933 epistolam,
944 872 1138 933 quam
1173 849 1311 932 ipse
1354 812 1679 941 scripsisse
1719 847 1897 912 Sulla
1930 850 2379 913 nomenclator

350 938 556 1001 dictus
603 941 716 1021 est,
760 959 892 1001 non
935 938 1361 1037 probandam,
1415 930 1544 1022 legi
1590 958 1725 1000 non
1764 937 1975 1000 nullas
2019 936 2377 1001 iracundas

483 1024 608 1089 Sed
634 1026 969 1109 tempore
950 1047 1092 1109 1pso
1124 1025 1199 1088 de
1228 1025 1533 1107 epistolis.
1596 1024 1793 1108 Nam,
1832 1046 1977 1087 cum
2002 1024 2173 1089 hanc
2199 1026 2379 1113 pagi-

347 1136 497 1177 nam
551 1117 860 1197 texerem,
918 1112 989 1175 L.
1036 1112 1322 1196 FlaviuS,
1380 1116 1641 1195 praetor
1687 1112 2082 1199 designatUS,
2143 1114 2227 1177 ad
2272 1136 2376 1177 me
2402 1134 2447 1171 10
2555 1106 2556 1111 ’

347 1202 550 1286 venit,
593 1201 790 1265 homo
834 1200 996 1264 mihi
1032 1200 1214 1265 valde
1260 1200 1611 1266 familiaris.
1684 1199 1749 1263 Is
1792 1200 1955 1264 mihi
2000 1204 2065 1264 te
2102 1202 2186 1264 ad
2230 1224 2377 1285 pro-

348 1293 672 1353 curatores
727 1310 876 1352 suos
929 1288 1177 1352 litteras
1229 1287 1509 1373 misisse,
1570 1309 1731 1372 quae
1784 1288 1946 1352 mihi
1990 1288 2167 1352 visae
2224 1293 2377 1353 sunt

347 1377 804 1460 iniquissimae,
847 1398 927 1439 ne
965 1376 1122 1459 quid
1159 1376 1236 1439 de
1281 1376 1486 1460 boniS,
1532 1398 1693 1459 quae
1728 1375 1798 1439 L.
1830 1374 2055 1440 Octavi
2090 1376 2375 1441 Nasonis

350 1465 644 1547 fuissent,
698 1464 800 1527 cui
853 1462 923 1526 L.
969 1464 1227 1527 Flavius
1271 1464 1457 1527 heres
1503 1468 1625 1547 est,
1680 1463 2142 1548 deminuerent,
2200 1469 2376 1529 ante-

348 1572 541 1635 quam
597 1550 663 1614 O.
710 1550 1045 1614 Fundanio
1103 1552 1440 1635 pecuniam
1496 1551 1860 1635 solvissent,
1917 1552 2204 1636 itemque
2256 1554 2376 1617 1111-
2401 1570 2449 1610 1⁵

349 1640 502 1703 sisse
565 1639 648 1703 ad
708 1639 1269 1722 Apollonidenses,
1342 1661 1422 1703 ne
1487 1639 1563 1702 de
1626 1639 1844 1723 boniS,
1917 1661 2079 1723 quae
2144 1638 2375 1705 Octavi

346 1728 636 1811 fuissent,
683 1727 968 1791 deminui
1011 1730 1412 1811 paterentur,
1465 1727 1840 1810 priusquam
1884 1726 2223 1792 Fundanio
2272 1729 2377 1793 de-

347 1815 557 1880 bitum
603 1816 887 1879 solutum
934 1819 1113 1879 esset.
1204 1814 1382 1878 Haec
1425 1815 1587 1878 mihi
1632 1815 1768 1878 veri
1814 1815 2057 1879 similia
2102 1838 2237 1880 non
2282 1818 2377 1881 vi

349 1904 605 1989 dentur3
665 1907 815 1967 sunt
870 1903 1042 1966 enim
1096 1925 1133 1965 a
1185 1902 1527 1985 prudentia
1580 1907 1693 1965 tua
1736 1902 2180 1967 remotissima.
2268 1903 2373 1968 Ne

349 1991 675 2056 deminuat
718 1992 946 2055 heres?
1038 1989 1222 2073 Quid,
1271 1991 1325 2053 si
1372 1990 1730 2054 infitiatur?
1776 1990 1957 2073 quid,
2002 1991 2057 2053 si
2106 1992 2373 2056 omnino
2402 2012 2447 2049 20
2555 1992 2556 2021 l

346 2101 477 2143 non
516 2079 746 2143 debet?
792 2078 991 2162 quid?
1036 2081 1295 2161 praetor
1333 2079 1495 2141 solet
1531 2077 1811 2141 iudicare
1849 2078 2110 2142 deberi?
2158 2078 2373 2155 Quid?

347 2176 467 2252 ego
503 2166 837 2230 Fundanio
883 2187 1014 2230 non
1053 2166 1257 2249 cupio,
1303 2188 1436 2229 non
1473 2166 1713 2229 amicus
1750 2187 1909 2249 sum,
1952 2187 2084 2230 non
2124 2168 2374 2231 miseri-

347 2254 563 2317 cordia
607 2255 913 2318 moveor‘?
973 2253 1185 2318 Nemo
1231 2254 1465 2339 magis3
1510 2253 1621 2317 sed
1665 2254 1763 2317 vis
1806 2254 1967 2317 iuris
2010 2255 2149 2317 eius
2193 2256 2373 2319 modi

348 2345 445 2404 est
490 2342 870 2424 quibusdam
917 2342 985 2404 in
1032 2341 1240 2425 rebuS,
1288 2345 1360 2404 ut
1405 2341 1571 2404 nihil
1600 2342 1700 2404 sit
1743 2341 1871 2405 loci
1915 2342 2181 2427 gratiae.
2256 2343 2372 2407 At-

347 2451 470 2513 que
515 2430 608 2492 ita
652 2429 813 2492 mihi
862 2428 1113 2492 dicebat
1166 2428 1425 2493 Flavius
1487 2429 1797 2511 scriptum
1844 2430 1913 2492 in
1958 2451 2031 2493 ea
2078 2430 2369 2515 epistola,
2396 2447 2443 2487 2⁵

347 2540 539 2601 quam
585 2521 762 2580 tuam
810 2538 944 2580 esse
991 2516 1258 2601 dicebat,
1306 2520 1371 2580 te
1408 2520 1519 2579 aut
1564 2517 1747 2600 quasi
1786 2517 2005 2581 amicis
2051 2518 2184 2581 tuis
2230 2542 2372 2604 gra-

345 2606 468 2669 tias
525 2608 816 2669 acturum
871 2608 980 2668 aut
1035 2606 1217 2688 quasi
1271 2604 1550 2668 inimicis
1605 2605 2009 2669 incommoda
2064 2606 2369 2669 laturum.

347 2694 515 2769 Quid
575 2693 828 2756 multa?
891 2691 1136 2756 ferebat
1195 2693 1479 2778 graviter
1533 2696 1597 2755 et
1650 2693 2059 2756 vehementer
2116 2714 2371 2757 mecum

347 2781 732 2865 querebatur
793 2780 1173 2864 orabatque,
1233 2784 1308 2844 ut
1368 2781 1448 2843 ad
1506 2783 1570 2843 te
1625 2802 1817 2864 quam
1878 2780 2371 2866 diligentissime

347 2869 704 2933 scriberem.
772 2868 958 2944 Quod
1001 2869 1168 2932 facio
1207 2872 1271 2931 et
1316 2871 1382 2931 te
1428 2889 1691 2951 prorsus
1726 2868 2139 2933 vehementer
2174 2871 2371 2933 etiam
2396 2888 2444 2927 so

346 2961 536 3042 atque
583 2957 777 3021 etiam
823 2978 1002 3043 rogo,
1049 2960 1122 3019 ut
1168 2960 1231 3019 et
1275 2957 1804 3039 procuratoribus
1848 2956 2030 3020 Flavi
2076 2958 2371 3021 remittas

347 3045 423 3109 de
479 3045 903 3109 deminuendo
963 3048 1026 3108 et
1075 3043 1691 3127 Apollonidensibus
1748 3066 1829 3107 ne
1889 3044 2046 3128 quid
2100 3046 2371 3128 perscri—

343 3132 474 3217 bas,
523 3133 696 3215 quod
733 3136 954 3196 contra
989 3132 1283 3196 Flavium
1323 3132 1424 3216 sit,
1473 3132 1763 3232 amplius.
1836 3131 1924 3195 Et
1956 3132 2141 3197 Flavi
2182 3155 2372 3197 causa

344 3226 408 3284 et
454 3221 697 3284 scilicet
749 3220 1018 3321 Pompei
1072 3220 1266 3283 facies
1324 3220 1555 3283 omnia.
1644 3218 1818 3284 Nolo
1873 3220 2121 3283 medius
2176 3222 2369 3285 fidius

344 3330 423 3371 ex
467 3312 579 3372 tua
633 3309 869 3373 iniuria
923 3309 992 3371 in
1045 3307 1232 3371 illum
1276 3307 1401 3371 tibi
1455 3307 1787 3372 liberalem
1833 3330 1937 3371 me
1982 3308 2213 3393 videri,
2260 3310 2371 3374 sed
2396 3323 2445 3365 ³⁵

342 3400 408 3459 te
463 3417 604 3480 ore,
663 3400 736 3460 ut
790 3401 864 3460 tu
918 3396 1054 3479 ipse
1111 3396 1558 3459 auctoritatem
1614 3400 1678 3459 et
1723 3360 2213 3461 monumentuni
2258 3397 2369 3461 ali-

343 3484 516 3564 quod
577 3447 811 3547 decreti
873 3489 983 3547 aut
1041 3484 1405 3547 litterarum
1464 3487 1721 3548 tuarum
1781 3484 2135 3571 relinquas,
2196 3485 2369 3569 quod
