2567 3884
363 181 406 244 2
413 181 500 244 70
1133 181 1650 236 EPISTULARUM

363 324 542 387 simis
586 323 944 388 honoribus
990 323 1365 386 abundabis,
1455 320 1521 386 Is
1567 327 1800 408 autem,
1848 323 1960 406 qui
1997 343 2147 387 vere
2184 321 2394 406 appel·

359 412 482 475 lari
526 416 741 495 potest
794 412 1027 496 honos,
1087 432 1218 474 non
1271 410 1771 475 invitamentum
1816 412 1898 474 ad
1942 415 2225 495 tempus,
2286 411 2395 474 sed

359 505 705 584 perpetuae
759 500 1022 563 virtutis
1075 503 1173 562 est
1229 500 1605 581 praemium.
1698 499 1903 575 Quam
1953 499 2036 563 ob
2082 520 2249 582 rem,
2304 499 2395 562 mi

359 589 620 674 Plance,
667 588 966 652 incumbe
1010 591 1152 651 toto
1198 591 1458 670 pectore
1505 588 1587 651 ad
1629 588 1911 671 laudem,
1970 587 2243 651 subveni
2286 609 2394 670 pa-

358 677 548 762 triae,
606 677 921 760 opitulare
969 676 1278 761 collegae,
1340 676 1628 738 omnium
1674 675 1969 761 gentium
2014 696 2396 739 consensum
2448 689 2474 729 ⁵

359 769 424 828 et
461 765 904 828 incredibilem
933 764 1477 847 conspirationem
1504 764 1750 827 adiuva.
1814 763 1920 827 Me
1956 768 2221 827 tuorum
2249 784 2394 827 con-

359 853 653 917 siliorum
716 853 1101 934 adiutorem,
1169 852 1504 936 dignitatis
1558 853 1902 937 fautorem,
1969 851 2271 916 omnibus
2324 852 2394 914 in

359 941 552 1004 rebus
589 941 713 1005 tibi
751 940 1209 1002 amicissimum
1247 940 1821 1023 fidelissimumque
1860 961 2223 1025 cognosces.
2286 937 2396 1002 Ad

358 1051 464 1092 eas
512 1029 682 1092 enim
731 1049 950 1090 causas
959 1079 976 1111 ,
1033 1027 1268 1110 quibus
1316 1028 1487 1091 inter
1530 1050 1648 1092 nos
1695 1050 1911 1092 amore
1958 1050 2179 1091 sumus
2187 1079 2205 1112 ,
2253 1028 2393 1091 offi-

359 1118 491 1200 ciis,
537 1120 856 1181 vetustate
904 1115 1246 1198 coniuncti,
1292 1116 1539 1199 patriae
1586 1117 1817 1179 caritas
1863 1117 2145 1201 accessit,
2193 1137 2393 1198 eaque
2420 1132 2473 1169 10

359 1205 587 1290 effecit,
632 1208 706 1268 ut
749 1208 931 1267 tuam
975 1203 1176 1267 vitam
1223 1205 1609 1268 anteferrem
1655 1226 1849 1268 meae.
1896 1222 1975 1268 111
2020 1203 2098 1268 K.
2145 1203 2303 1287 Apr.

1320 1429 1429 1494 XI.

651 1551 764 1606 Ser.
803 1553 869 1606 in
904 1552 1290 1624 Allobroyz‘bus
1324 1569 1406 1607 ex.
1444 1570 1513 1608 m.
1553 1552 1691 1621 Apr.
1735 1571 1786 1607 a.
1827 1557 1933 1607 711
1983 1555 2121 1621 (43).

1009 1674 1341 1728 PLANCUS
1380 1673 1735 1730 CICERONI.

490 1814 861 1880 Inmortalis
915 1839 1038 1904 ago
1093 1818 1217 1881 tibi
1263 1819 1507 1904 gratias
1553 1840 1891 1904 agamque,
1950 1818 2102 1882 dum
2148 1818 2468 1904 vivam31⁵
2556 1797 2559 1920 J

358 1927 508 1968 nam
545 1906 898 1969 relaturum
935 1928 1038 1969 me
1076 1906 1415 1969 adfirmare
1452 1928 1583 1970 non
1618 1928 1897 1989 possum.
1954 1905 2181 1970 Tantis
2218 1907 2390 1970 enim

357 1993 489 2056 tuis
528 1994 759 2057 officiis
795 2016 927 2058 non
962 1994 1186 2058 videor
1220 1995 1314 2057 mi
1360 1995 1742 2079 respondere
1787 2016 1992 2078 posse,
2038 1995 2165 2058 nisi
2204 1995 2389 2079 forte,

358 2086 432 2145 ut
467 2085 541 2145 tu
576 2082 955 2168 gravissime
993 2082 1536 2165 disertissimeque
1573 2081 1903 2167 scripsisti,
1950 2082 2043 2145 ita
2087 2104 2389 2146 sensurus

359 2191 444 2253 es,
491 2174 562 2233 ut
607 2192 711 2234 me
747 2171 986 2234 referre
1022 2171 1301 2256 gratiam
1346 2174 1550 2256 putes,
1598 2192 1744 2234 cum
1779 2171 2092 2233 memoria
2135 2171 2387 2234 teneb0.

361 2256 431 2321 Si
488 2257 564 2321 de
619 2259 740 2321 filii
793 2259 892 2322 tui
950 2258 1264 2343 dignitate
1319 2263 1485 2322 esset
1531 2263 1770 2342 actum,
1830 2258 2173 2321 amabilius
2220 2262 2389 2322 certe
2419 2275 2467 2313 20

359 2345 526 2408 nihil
569 2346 776 2409 facere
821 2347 1156 2429 potuisses.
1221 2346 1477 2410 Primae
1522 2351 1671 2411 tuae
1718 2347 2071 2410 sententiae
2116 2347 2389 2410 infinitis
2552 2379 2554 2388 ·

361 2454 504 2496 cum
564 2433 962 2518 muneribus,
1022 2435 1412 2517 posteriores
1471 2435 1553 2498 ad
1609 2440 1864 2518 tempus
1920 2434 2389 2518 arbitriumque
2552 2391 2554 2505 1

360 2521 713 2585 amicorum
765 2544 1058 2586 meorum
1083 2523 1531 2622 pompositas,
1588 2523 1794 2587 oratio
1841 2523 2095 2586 assidua
2142 2527 2207 2586 et
2250 2545 2390 2608 per-

357 2613 553 2692 petua
609 2610 684 2673 de
738 2633 867 2694 me,
927 2610 1140 2696 iurgia
1194 2632 1341 2674 cum
1389 2611 1931 2694 optrectatoribus
1975 2615 2242 2694 propter
2286 2632 2389 2674 me

358 2698 696 2761 notissima
748 2699 911 2761 mihi
966 2702 1131 2762 sunt.
1223 2698 1377 2764 Non
1434 2699 1775 2763 mediocris
1820 2699 2183 2763 adhibenda
2226 2698 2388 2762 mihi
2416 2715 2467 2754 25
2550 2709 2552 2799 ]

359 2790 457 2850 est
503 2808 678 2870 cura,
741 2789 816 2849 ut
874 2787 969 2850 rei
1026 2810 1086 2870 p.
1142 2808 1246 2850 me
1308 2787 1511 2850 civem
1576 2787 1844 2872 dignum
1902 2788 2033 2851 tuis
2090 2787 2390 2851 laudibus

357 2879 676 2957 praestem
689 2925 706 2957 ,
780 2875 848 2937 in
912 2874 1196 2938 amicitia
1258 2878 1373 2938 tua
1442 2897 1794 2939 memorem
1858 2879 2051 2959 atque
2114 2878 2389 2962 gratum.

359 2962 547 3038 Quod
582 2963 903 3045 reliquum
941 2966 1054 3047 est,
1100 2967 1286 3026 tuum
1323 2985 1557 3026 munus
1593 2967 1773 3027 tuere
1812 2967 1876 3027 et
1912 2986 2032 3047 me,
2079 2964 2151 3048 si,
2200 2985 2391 3046 quem

359 3072 494 3114 esse
546 3050 837 3135 voluisti,
897 3072 1045 3114 eum
1101 3051 1278 3114 exitu
1335 3051 1653 3135 rebusque
1709 3052 2067 3138 cognoscis,
2125 3051 2391 3116 defende
2548 3015 2550 3093 1

359 3161 435 3202 ac
480 3139 745 3222 suscipe.
2416 3155 2467 3194 30

493 3224 656 3290 Cum
700 3225 1088 3290 Rhodanum
1135 3227 1352 3310 copias
1400 3228 1608 3291 omnis
1662 3227 2055 3291 traiecissem
2100 3227 2391 3291 fratrem-
2546 3225 2548 3232 ’

359 3335 482 3396 que
542 3335 687 3378 cum
745 3314 956 3378 tribus
1015 3314 1280 3378 milibus
1342 3316 1633 3416 equitum
1692 3315 2190 3399 praemisissem,
2256 3316 2391 3398 ipse

356 3402 482 3464 iter
526 3401 608 3464 ad
651 3401 971 3465 Mutinam
1020 3403 1381 3488 dirigerem,
1430 3404 1498 3466 in
1544 3404 1774 3467 itinere
1813 3404 1889 3466 de
1925 3403 2173 3486 proelio
2220 3404 2390 3467 facto

356 3487 688 3572 Brutoque
717 3492 782 3552 et
808 3490 1064 3553 Mutina
1092 3490 1426 3573 opsidione
1462 3491 1755 3555 liberatis
1794 3491 2025 3555 audivi.
2086 3491 2392 3556 Animad-
