2567 3884
933 206 1150 260 LIBER
1185 208 1290 262 xv
1329 214 1378 276 1,
1417 213 1467 262 2.
2096 205 2229 268 443

189 350 310 413 bus
359 349 715 413 exercitum
769 373 830 434 p.
876 349 952 413 R.
1002 371 1165 434 esse,
1220 353 1285 414 et
1331 349 1737 434 Deiotarum,
1782 349 2228 413 fidelissimum

190 459 411 523 regem
457 441 650 521 atque
698 438 1155 502 amicissimum
1200 438 1296 502 rei
1339 461 1399 522 p.
1445 440 1722 521 nostrae,
1767 438 2045 500 maxime
2083 458 2229 501 con-

190 526 486 589 iunctum
531 525 854 611 haberem,
901 526 1083 590 cuius
1129 529 1194 589 et
1230 526 1500 590 consilio
1547 528 1614 590 et
1660 525 1891 609 opibus
1938 525 2228 589 adiuvari

191 616 412 697 posset
458 635 559 677 res
605 637 665 697 p.

142 719 167 759 5
325 700 470 777 Quo
518 722 663 764 cum
708 701 779 765 in
822 701 965 765 loco
1012 704 1220 765 castra
1272 701 1579 765 haberem
1625 700 2112 785 equitatumque
2158 699 2228 762 in
2264 714 2298 763 3

195 787 491 852 Ciliciam
535 788 869 873 misissem,
914 793 989 853 ut
1026 793 1091 853 et
1135 811 1316 853 meus
1355 790 1665 853 adventus
1711 788 1792 851 iis
1839 786 2227 871 civitatibus,

194 898 359 960 quae
412 877 483 939 111
538 899 612 941 ea
662 881 847 961 parte
902 881 1138 962 essent,
1201 878 1537 941 nuntiatus
1599 878 1917 940 firmiores
1980 876 2228 939 animos

195 964 487 1029 omnium
531 966 786 1050 faceret,
834 968 897 1029 et
925 987 1045 1051 ego
1074 928 1344 1066 rriature,
1391 966 1547 1049 quid
1583 968 1882 1050 ageretur
1916 964 1984 1027 in
2024 962 2228 1047 Syria,

196 1054 359 1117 scire
412 1074 695 1138 possem,
748 1057 1003 1137 tempus
1060 1053 1195 1117 eius
1249 1053 1477 1138 tridui,
1533 1054 1707 1138 quod
1750 1053 1821 1115 in
1875 1052 1957 1115 iis
2004 1052 2229 1115 castris

122 1160 170 1197 10
194 1140 523 1225 morabar,
577 1142 647 1204 in
700 1163 936 1227 magno
984 1141 1199 1206 officio
1256 1145 1322 1205 et
1365 1141 1722 1206 necessario
1768 1140 1931 1204 mihi
1989 1160 2229 1223 ponen-

198 1230 352 1293 dum
386 1230 630 1312 putavi.
697 1229 859 1294 Cum
896 1230 1068 1292 enim
1113 1233 1328 1301 vestra
1363 1230 1712 1294 auctoritas
1748 1228 2228 1311 intercessisset,
2266 1242 2300 1288 4

197 1320 270 1380 ut
334 1338 458 1401 ego
531 1338 748 1403 regem
810 1315 1315 1381 Ariobarzanem
1377 1317 1699 1381 Eusebem
1763 1320 1829 1380 et
1889 1315 2229 1379 Ρ111101110-

195 1426 453 1469 maeum
496 1408 713 1469 tuerer
766 1406 1029 1488 eiusque
1073 1406 1245 1491 regis
1291 1405 1563 1470 salutem
1609 1409 1674 1469 et
1718 1404 2230 1469 incolumitatem

198 1514 597 1581 regnumque
634 1493 1055 1577 defenderem,
1102 1494 1241 1593 regi
1277 1515 1606 1593 regnoque
1649 1493 1970 1577 praesidio
2009 1514 2230 1576 essem,

122 1596 174 1637 1⁵
198 1577 777 1665 adiunxissetisque
832 1582 1105 1645 salutem
1160 1582 1296 1645 eius
1343 1582 1512 1668 regis
1565 1582 1807 1665 populo
1854 1581 2230 1664 senatuique

199 1691 472 1755 magnae
527 1690 714 1733 curae
768 1691 929 1753 esse,
991 1669 1165 1753 quod
1217 1669 1399 1733 nullo
1453 1691 1759 1752 umquam
1806 1669 1885 1732 de
1929 1691 2081 1755 rege
2129 1668 2232 1731 de—

201 1760 448 1820 cretum
475 1760 660 1821 ¹esset
706 1779 743 1819 a
785 1761 1008 1821 nostro
1056 1756 1305 1841 ordine,
1362 1757 1726 1821 existimavi
1769 1778 1874 1820 me
1919 1756 2231 1820 iudicium

199 1848 488 1908 vestrum
552 1845 633 1908 ad
704 1867 921 1930 regem
986 1844 1231 1909 deferre
1298 1844 1528 1908 debere
1591 1845 1777 1928 eique
1839 1844 2232 1927 praesidium

198 1954 417 1997 meum
464 1935 529 1995 et
581 1932 774 1996 fidem
830 1936 894 1996 et
940 1932 1344 2033 diligentiam
1396 1932 1715 2016 polliceri,
1770 1935 1870 2015 ut,
1926 1931 2233 2014 quoniam

124 2038 175 2076 2⁰
200 2020 373 2084 salus
418 2020 639 2105 ipsius,
684 2020 1093 2085 incolumitas
1137 2020 1323 2106 regni
1366 2020 1531 2083 mihi
1577 2018 2020 2084 commendata
2066 2021 2234 2082 esset

202 2130 240 2171 a
282 2107 491 2191 vobis,
539 2108 794 2193 diceret,
838 2108 895 2172 si
941 2108 1099 2192 quid
1141 2110 1353 2172 vellet.

335 2159 513 2271 Quae
568 2216 714 2259 cum
768 2218 971 2259 essem
1025 2196 1094 2259 in
1149 2196 1418 2260 consilio
1471 2216 1616 2258 meo
1664 2215 1811 2257 cum
1865 2216 2016 2280 rege
2059 2194 2235 2257 locu-
2271 2209 2304 2257 5

200 2286 324 2367 tue,
371 2283 563 2346 initio
600 2284 709 2347 1116
747 2284 1057 2347 orationis
1094 2304 1244 2347 suae
1280 2283 1468 2347 vobis
1504 2282 1835 2367 maximas,
1880 2285 1954 2345 ut
1993 2281 2235 2366 debuit,

202 2371 433 2435 deinde
470 2372 666 2435 etiam
709 2371 872 2435 mihi
917 2372 1160 2457 gratias
1196 2371 1348 2457 egit,
1396 2371 1570 2454 quod
1606 2370 1665 2433 ei
1710 2392 2133 2455 permagnum
2170 2372 2238 2433 et

127 2474 176 2515 25
201 2459 753 2543 perhonorificum
787 2459 1128 2523 videbatur
1172 2459 1424 2522 senatui
1467 2483 1528 2543 p.
1573 2481 1631 2541 q.
1669 2457 1745 2521 R.
1783 2462 2001 2521 tantae
2048 2478 2236 2521 curae

203 2568 340 2611 esse
400 2545 673 2609 salutem
732 2568 940 2630 suam,
998 2569 1229 2630 meque
1289 2550 1536 2610 tantam
1597 2546 2005 2631 diligentiam·
2061 2545 2239 2609 adhi—

202 2635 375 2718 bere,
420 2637 495 2697 ut
540 2638 605 2698 et
649 2657 793 2698 mea
827 2634 986 2698 fides
1024 2638 1089 2697 et
1127 2633 1700 2698 commendationis
1735 2637 1985 2698 vestrae
2023 2635 2240 2696 aucto-

203 2724 363 2786 ritas
425 2722 702 2806 perspici
764 2726 997 2805 posset.
1087 2719 1306 2805 Atque
1365 2722 1475 2785 ille
1533 2722 1777 2805 prime,
1843 2720 2017 2805 quod
2073 2720 2240 2783 mihi

201 2811 522 2875 maximae
557 2810 841 2873 laetitiae
877 2810 1021 2893 fuit,
1065 2809 1159 2872 ita
1194 2832 1447 2873 mecum
1480 2810 1735 2873 locutus
1763 2812 1877 2893 est,
1919 2812 1994 2871 ut
2028 2807 2240 2871 nullas

124 2916 177 2956 30
202 2898 472 2962 insidias
502 2920 731 2982 neque
776 2898 948 2962 vitae
1002 2918 1151 2961 suae
1205 2919 1413 2982 neque
1468 2919 1668 2997 regno
1727 2895 1968 2959 diceret
2012 2917 2080 2959 se
2127 2899 2241 2959 aut

202 2986 581 3072 intellegere
625 2986 768 3049 fieri
812 2989 925 3049 aut
970 2986 1165 3049 etiam
1211 2986 1538 3068 suspicari.
1615 2983 1778 3048 Cum
1823 3005 1945 3069 ego
1993 2984 2052 3047 61
2099 3005 2241 3069 gra-

201 3074 450 3139 tulatus
509 3096 712 3138 essem
769 3074 964 3157 idque
1023 3095 1127 3136 me
1189 3073 1470 3159 gaudere
1536 3072 1838 3135 dixissem
1898 3074 1964 3134 et
2023 3074 2241 3134 tamen

204 3162 678 3226 adulescentem
723 3183 925 3226 essem
972 3161 1370 3244 cohortatus,
1418 3162 1492 3223 ut
1535 3158 1980 3223 recordaretur
2025 3179 2242 3222 casum

204 3250 393 3314 illum
438 3250 740 3314 interitus
784 3249 1038 3334 paterni
1084 3252 1149 3312 et
1192 3248 1542 3334 vigilanter
1595 3269 1660 3311 se
1711 3250 2005 3310 tueretur
2049 3250 2244 3330 atque

126 3353 178 3393 85
206 3338 543 3401 admonitu
608 3341 863 3401 senatus
926 3337 1285 3401 consuleret
1351 3335 1543 3399 saluti
1599 3356 1780 3419 suae,
1848 3338 1990 3398 tum
2045 3358 2084 3397 a
2141 3357 2246 3398 me

207 3425 498 3490 discessit
543 3425 613 3489 in
660 3426 969 3509 oppidum
1018 3424 1336 3507 Cybistra.

337 3512 610 3578 Postero
666 3519 882 3578 autem
938 3513 1039 3576 die
1097 3533 1243 3577 cum
1298 3510 1670 3595 Ariarathe,
1724 3510 1924 3574 fratre
1981 3532 2125 3596 su0,
2182 3514 2247 3575 et
2285 3528 2317 3574 6
