2567 3884
879 132 1097 187 LIBER
1132 134 1261 187 XIV
1300 138 1492 187 6—11.
1621 162 1623 164 ·
2085 133 2217 197 433

186 276 555 341 nuntiatum
592 280 689 340 est
734 280 799 340 te
844 276 913 339 in
959 276 1193 340 febrim
1239 275 1456 340 subito
1503 275 1817 340 incidisse.
1891 275 2079 352 Quod
2124 297 2220 340 ce-

186 365 408 428 leriter
452 387 555 429 me
600 364 813 429 fecisti
860 364 936 427 de
985 361 1272 428 Caesaris
1317 363 1555 427 litteris
1603 364 1959 448 certiorem,
2006 364 2217 428 fecisti

186 453 349 516 mihi
394 456 670 538 gratum.
740 450 908 515 Item
944 451 1230 535 posthac,
1278 452 1334 515 si
1372 452 1529 535 quid
1575 474 1734 535 opus
1781 452 1921 534 erit,
1969 452 2024 515 si
2063 453 2219 535 quid

188 541 490 604 acciderit
524 540 697 623 novi,
742 539 955 623 facieS,
1001 544 1075 603 ut
1112 540 1326 603 sciam.
1403 538 1590 625 Cura,
1636 544 1708 604 ut
1754 540 1983 605 valeas
2037 538 2218 604 Vale.

130 646 157 685 5
186 628 263 691 D.
309 646 415 692 ΠΠ
457 628 626 693 Non.
672 626 811 692 Iun.

1140 782 1251 848 IX.

457 906 570 961 Ser.
608 906 887 961 Bmmdisi
926 922 979 960 a.
1019 908 1132 960 706
1171 908 1294 973 (48)
1334 922 1385 960 a.
1424 906 1477 960 d.
1519 906 1678 960 XVI
1707 906 1780 959 K.
1819 904 1948 959 Ian.

612 1026 917 1081 TULLIUS
953 1026 1373 1081 TERENTIAE
1413 1028 1597 1081 SUAE
1637 1028 1689 1085 S.
1726 1028 1789 1085 P.

322 1152 428 1217 Ad
476 1158 715 1217 ceteras
760 1175 934 1217 meas
978 1153 1269 1217 miserias
1315 1155 1580 1218 accessit
1627 1154 1810 1219 dolor
1856 1159 1920 1220 et
1968 1156 2044 1220 de
2089 1154 2219 1220 Do-

97 1263 158 1301 10
186 1240 460 1305 labellae
514 1241 881 1305 valetudine
937 1246 1001 1305 et
1058 1242 1133 1305 de
1188 1240 1454 1305 Tulliae.
1547 1240 1826 1307 Omnino
1884 1244 1960 1308 de
2017 1244 2218 1308 omni-

186 1330 309 1392 bus
364 1328 555 1393 rebus
612 1350 729 1392 nec
783 1330 940 1413 quid
995 1329 1247 1393 consilii
1304 1330 1550 1413 capiam
1594 1352 1713 1394 nec
1767 1332 1923 1415 quid
1968 1332 2216 1417 faciam,

185 1416 335 1480 scio.
441 1416 539 1481 Tu
599 1416 794 1481 velim
854 1422 1033 1482 tuam
1093 1421 1158 1481 et
1216 1415 1466 1482 Tulliae
1525 1419 1960 1484 valetudinem
2019 1441 2214 1485 cures.

183 1503 363 1569 Vale.

1157 1662 1235 1727 X.

84 1805 149 1846 15
504 1782 618 1838 Sor.
655 1783 933 1839 Bmmdisi
978 1784 1102 1838 VH
1132 1784 1222 1839 Ια.
1267 1784 1483 1855 Quinct.
1521 1802 1572 1838 a.
1614 1786 1727 1839 707
1756 1788 1893 1854 (47).

604 1906 906 1960 TULLIUS
946 1906 998 1960 S.
1035 1906 1102 1960 D.
1142 1904 1560 1959 TERENTIAE
1599 1905 1800 1960 SUAE.

317 2030 487 2107 Quid
540 2031 683 2095 fieri
736 2032 1042 2116 placeret,
1098 2031 1326 2115 scripsi
1381 2032 1462 2095 ad
1504 2030 1937 2114 Pomponium
1993 2032 2212 2117 serius,

181 2140 377 2201 quam
416 2120 723 2203 oportuit.
801 2117 963 2183 Cum
1001 2141 1076 2183 eo
1115 2120 1169 2183 si
1213 2120 1432 2183 locuta
1469 2119 1610 2202 eris,
1657 2119 2009 2206 intellegeS,
2055 2121 2213 2204 quid

180 2207 324 2270 fieri
368 2207 594 2293 velim3
641 2207 925 2291 apertius
971 2207 1192 2291 scribi,
1240 2207 1546 2291 quoniam
1591 2207 1673 2270 ad
1717 2206 1903 2270 illum
1949 2208 2212 2291 scripse-

39 2350 41 2357 .
88 2316 149 2354 20
183 2316 349 2377 ram,
402 2316 656 2359 necesse
710 2317 841 2359 non
900 2295 1041 2359 fuit.
1134 2295 1232 2359 De
1278 2318 1353 2359 ea
1396 2317 1467 2359 re
1512 2298 1578 2358 et
1624 2295 1700 2359 de
1747 2296 1974 2359 ceteris
2019 2297 2212 2360 rebus

183 2404 379 2465 quam
414 2384 696 2465 primum
723 2383 918 2447 velim
954 2383 1143 2447 nobis
1178 2384 1428 2447 litteras
1464 2383 1701 2447 mittas.
1756 2381 2212 2449 Valetudinem

181 2474 365 2533 tuam
411 2492 561 2534 cura
608 2471 964 2557 diligenter.
1039 2470 1217 2535 Vale.
1291 2488 1392 2535 VII
1433 2468 1586 2535 Idus
1633 2470 1970 2547 Quintiles,

1136 2698 1248 2764 XI.

467 2819 579 2873 Ser.
618 2820 898 2873 Bmmdisi
944 2821 1138 2875 XVII
1167 2820 1241 2875 K.
1288 2820 1502 2890 mect.
1541 2838 1592 2874 a.
1634 2822 1746 2873 ⁷07
1783 2822 1924 2887 (47).

73 2964 141 3007 25
601 2940 903 2995 TULLIUS
942 2942 993 2998 S.
1030 2942 1098 2997 D.
1137 2942 1556 2996 TERENTIAE
1596 2940 1797 2995 SUAE.

320 3082 380 3149 S.
428 3108 484 3148 v.
531 3084 592 3148 b.
641 3108 691 3149 e.
737 3108 795 3149 v.
886 3084 1100 3148 Tullia
1152 3090 1375 3149 nostra
1419 3086 1597 3149 venit
1642 3084 1722 3147 ad
1765 3106 1868 3147 me
1912 3106 2007 3167 pr.
2053 3082 2208 3149 Idus

176 3171 318 3237 Iun.
428 3172 625 3237 Cuius
690 3195 939 3237 summa
1000 3174 1240 3237 virtute
1307 3177 1370 3237 et
1433 3172 1764 3258 singulari
1807 3172 2208 3237 humanitate

173 3261 475 3347 graviore
513 3262 706 3326 etiam
754 3283 895 3325 sum
934 3262 1153 3325 dolore
1200 3262 1486 3325 adfectus
1531 3264 1752 3324 nostra
1795 3261 2038 3325 factum
2074 3283 2209 3325 esse

172 3349 602 3436 neglegentia,
648 3353 721 3413 ut
766 3349 959 3435 longe
1006 3350 1132 3413 alia
1176 3349 1244 3412 in
1291 3350 1553 3413 fortuna
1597 3353 1788 3432 esset,
1835 3352 2028 3433 atque
2073 3350 2208 3415 eius

60 3462 135 3504 30
168 3439 381 3523 pietas
440 3459 513 3502 ac
573 3438 854 3524 dignitas
910 3437 1297 3521 postulabat.
1401 3436 1612 3501 Nobis
1671 3440 1807 3501 erat
1865 3437 1934 3501 in
1993 3438 2207 3503 animo

284 3550 518 3593 Ciceronis
548 3552 679 3601 epist.
718 3553 755 3593 Ι.
1469 3606 1475 3611 ι
1817 3545 1884 3595 28
