2567 3884
979 202 1198 256 LIBER
1231 203 1337 256 XII
1375 209 1457 258 14.
2097 203 2229 267 345

200 346 552 429 potestate3
598 343 815 426 itaque
861 343 1081 408 eadem
1126 345 1427 427 superbia
1470 344 1539 408 in
1574 345 1892 428 pravitate
1937 347 2237 431 utuntur3

207 454 484 516 quorum
539 430 1022 514 improbitatem
1086 432 1431 514 aliquando
1487 433 1743 496 retundi
1798 437 1863 497 et
1914 455 2047 496 non
2098 434 2237 517 pati

209 520 594 604 impunitate
649 519 870 604 augeri
931 541 1064 582 non
1125 520 1337 584 solum
1402 521 1623 585 utilest
1687 520 1782 586 rei
1843 543 1905 604 p.
1960 525 2236 605 nostrae,

211 609 322 672 sed
365 607 563 671 etiam
607 607 1049 670 necessarium.

151 713 184 754 5
339 694 442 758 De
486 697 708 758 nostra
753 694 1068 780 dignitate
1102 695 1298 758 velim
1342 695 1467 758 tibi
1512 699 1585 759 ut
1630 717 1882 779 semper
1926 717 2113 759 curae
2152 695 2237 759 sit
2272 716 2303 759 4

212 787 294 868 et,
339 803 744 867 quocumque
789 787 1078 866 tempore
1124 783 1520 847 occasionem
1564 783 1883 869 habueris,
1931 788 1994 847 et
2041 784 2108 846 in
2146 805 2237 846 se-

209 875 368 936 natu
405 875 470 934 et
507 871 734 934 ceteris
770 870 962 935 rebus
996 871 1170 933 laudi
1207 875 1463 935 nostrae
1492 872 1855 957 suffragere.
1921 871 2238 947 Quoniam

211 959 583 1023 consulibus
631 957 882 1021 decreta
926 962 1024 1022 est
1066 957 1249 1042 Asia,
1305 962 1370 1022 et
1413 960 1796 1042 permissum
1842 962 1939 1023 est
1984 959 2090 1043 iis,
2146 963 2236 1043 ut,

212 1048 369 1111 dum
413 1047 539 1130 ipsi
583 1045 900 1128 venirent,
957 1045 1180 1109 darent
1224 1047 1587 1132 negotium,
1648 1048 1758 1130 qui
1803 1047 2028 1111 Asiam
2075 1047 2238 1130 opti-

124 1157 182 1194 ιο
211 1138 426 1218 neant,
471 1155 632 1219 rogo
678 1137 760 1217 te,
804 1138 986 1217 petas
1032 1134 1112 1196 ab
1159 1133 1256 1217 iis,
1305 1138 1377 1197 ut
1411 1134 1578 1198 hanc
1614 1135 1995 1220 dignitatem
2040 1135 2239 1218 potis-

212 1223 452 1287 simum
487 1221 676 1286 nobis
711 1221 1002 1284 tribuant
1038 1225 1104 1284 et
1137 1222 1303 1284 mihi
1340 1221 1491 1285 dent
1516 1223 1869 1308 negotium,
1914 1227 1989 1287 ut
2015 1222 2239 1285 Asiam

213 1311 570 1394 optineam,
625 1308 779 1373 dum
831 1309 1120 1392 ipsorum
1174 1310 1339 1373 alter
1382 1312 1529 1374 uter
1571 1311 1776 1396 venit3
1829 1332 2006 1394 nam,
2068 1309 2241 1393 quod

210 1400 339 1463 hoc
382 1401 731 1482 properent
773 1396 843 1460 in
886 1397 1270 1482 magistratu
1306 1397 1524 1462 venire
1560 1404 1671 1462 aut
1708 1400 2060 1463 exercitum
2096 1398 2243 1462 mit-

210 1492 382 1570 tere,
448 1505 704 1550 causam
761 1505 893 1548 non
950 1484 1207 1548 habent.
1298 1483 1637 1549 Dolabella
1696 1486 1867 1550 enim
1928 1487 1995 1550 in
2055 1485 2244 1570 Syria

131 1593 184 1633 15
213 1578 341 1658 est,
397 1577 487 1657 et,
532 1577 606 1637 ut
650 1576 724 1636 tu
770 1572 988 1636 divina
1030 1575 1142 1636 tua
1194 1577 1411 1636 mente
1453 1575 1842 1657 prospexisti
1889 1579 1953 1638 et
1996 1575 2244 1657 praedi-

215 1661 396 1745 casti,
435 1661 587 1724 dum
623 1659 733 1723 isti
760 1661 1044 1744 veniunt,
1083 1659 1339 1724 Cassius
1377 1683 1523 1724 eum
1560 1662 1907 1747 opprimet3
1953 1663 2247 1727 exclusus

215 1750 392 1814 enim
452 1749 532 1812 ab
578 1747 927 1811 Antiochia
970 1747 1311 1812 Dolabella
1365 1752 1430 1812 et
1488 1749 1556 1812 in
1604 1749 2034 1835 oppugnando
2080 1750 2248 1813 male

214 1840 517 1920 acceptus
561 1836 740 1899 nulla
785 1836 910 1898 alia
956 1837 1231 1900 confisus
1278 1836 1438 1899 urbe
1483 1836 1894 1921 Laodiceam,
1943 1859 2106 1920 quae
2151 1841 2249 1901 est

213 1927 287 1990 in
327 1923 532 2008 Syria,
570 1923 650 1986 ad
684 1945 860 1987 mare
905 1945 973 1987 se
1010 1923 1300 1988 contulit.
1391 1922 1494 1987 Ibi
1540 1946 1725 2008 spero
1764 1925 2056 1988 celeriter
2101 1946 2247 1988 eum

131 2034 188 2074 zo
214 2034 460 2098 poenas
507 2012 831 2096 daturum3
884 2033 1035 2074 nam
1078 2033 1312 2095 neque,
1368 2033 1495 2095 quo
1540 2012 1847 2097 refugiat,
1902 2012 2098 2075 habet
2142 2034 2249 2075 ne-

217 2122 346 2186 que
393 2100 634 2164 diutius
688 2098 784 2162 ibi
834 2098 1076 2182 poterit
1129 2103 1384 2163 tantum
1440 2100 1791 2163 exercitum
1838 2097 2018 2162 Cassi
2062 2099 2249 2162 susti-

214 2211 389 2253 nere.
483 2185 684 2271 Spero
739 2187 934 2250 etiam
989 2188 1352 2250 confectum
1399 2209 1533 2250 esse
1588 2187 1717 2250 iam
1764 2191 1828 2252 et
1874 2207 2250 2271 oppressum

217 2276 644 2341 Dolabellam.
738 2273 946 2349 Quare
998 2296 1129 2339 non
1181 2276 1342 2358 puto
1396 2274 1672 2339 Pansam
1726 2279 1791 2339 et
1843 2275 2136 2339 Hirtium
2181 2276 2250 2339 in
2287 2292 2319 2340 5

221 2364 561 2430 consulatu
604 2366 1063 2446 properaturos
1108 2362 1177 2425 in
1220 2363 1585 2446 provincias
1623 2363 1814 2446 exire,
1860 2363 1973 2428 sed
2007 2362 2252 2428 Romae

136 2471 191 2511 25
222 2457 482 2517 acturos
529 2451 948 2514 consulatum.
1038 2449 1293 2533 Itaque,
1350 2450 1408 2513 si
1452 2452 1533 2514 ab
1580 2450 1660 2514 iis
1705 2452 1995 2536 petieris,
2040 2454 2114 2515 ut
2159 2452 2253 2515 in-

219 2545 400 2605 terea
452 2537 640 2603 nobis
686 2538 1205 2621 procurationem
1250 2537 1444 2602 Asiae
1492 2538 1669 2623 dent,
1723 2561 1910 2622 spero
1956 2544 2020 2602 te
2065 2560 2253 2622 posse

223 2629 587 2712 impetrare.
677 2625 1016 2689 Praeterea
1064 2625 1227 2688 mihi
1271 2626 1707 2709 promiserunt
1751 2627 1960 2691 Pansa
2006 2630 2070 2690 et
2105 2625 2255 2689 Hir-

220 2717 355 2781 tius
428 2735 644 2778 coram
717 2717 781 2777 et
851 2714 1101 2797 apsenti
1172 2713 1335 2777 mihi
1407 2715 1799 2798 scripserunt
1812 2765 1829 2798 ,
1893 2713 2255 2796 Verrioque

221 2807 450 2869 nostro
489 2801 698 2865 Pansa
742 2801 1106 2864 adfirmavit
1151 2822 1218 2864 se
1257 2802 1555 2865 daturum
1593 2823 1869 2886 operam,
1915 2823 1996 2865 ne
2033 2801 2101 2863 in
2136 2822 2254 2864 suo

140 2911 196 2951 ao
225 2890 566 2957 consulatu
625 2889 789 2952 mihi
851 2889 1240 2952 succedatur.
1346 2889 1490 2974 Ego
1553 2911 1749 2973 porro
1811 2910 1943 2953 non
2006 2887 2255 2951 medius

223 2980 420 3044 fidius
479 2977 829 3061 cupiditate
891 2977 1259 3060 provinciae
1322 2977 1591 3061 produci
1652 2976 1912 3062 longius
1975 2975 2256 3058 spatium

223 3067 392 3132 mihi
435 3065 612 3149 volo3
657 3087 808 3128 nam
843 3064 1007 3128 mihi
1053 3065 1179 3127 fuit
1215 3064 1341 3127 ista
1384 3065 1717 3148 provincia
1760 3064 1951 3148 plena
1995 3063 2256 3148 laboris,

223 3153 516 3240 periculi,
557 3152 952 3236 detrimenti3
1000 3173 1163 3235 quae
1201 3174 1323 3238 ego
1352 3174 1432 3216 ne
1468 3153 1707 3216 frustra
1743 3150 2053 3215 subierim
2089 3152 2257 3235 nive,

225 3243 605 3327 priusquam
670 3240 973 3323 reliquias
1035 3261 1214 3303 meae
1276 3239 1647 3326 diligentiae
1705 3260 2081 3323 consequar,
2157 3239 2259 3303 de-

144 3348 198 3389 35
228 3331 452 3396 cedere
497 3350 707 3414 cogar,
753 3327 936 3392 valde
979 3327 1223 3391 laboro,
1314 3327 1502 3410 Nam,
1548 3327 1605 3390 si
1648 3327 2019 3412 potuissem,
2067 3349 2261 3410 quam

228 3439 569 3504 exegeram
603 3415 957 3499 pecuniam,
1004 3415 1371 3479 universam
1410 3415 1685 3500 mittere,
1729 3415 2142 3499 postularem,
2188 3420 2262 3480 ut

228 3505 394 3570 mihi
438 3503 912 3588 succederetur3
957 3523 1144 3587 nunc,
1193 3485 1635 3586 quodfflassio
1684 3502 1846 3589 dedi,
1894 3504 2068 3586 quod
2112 3503 2262 3568 Tre-
