2567 3884
935 198 1154 271 LIBER
1187 198 1294 254 VH
1333 187 1559 255 10—1'2.
2133 202 2257 266 181

222 346 444 407 autem
489 343 617 407 ista
661 346 813 407 sunt
857 342 1168 428 inaniora,
1213 343 1425 428 recipe
1470 347 1535 407 te
1584 343 1664 407 ad
1708 365 1841 409 nos.
1931 344 2105 411 Nam
2150 351 2262 411 aut

225 432 354 496 erit
396 431 508 495 hic
552 431 801 515 aliquid
845 431 1190 515 aliquando
1197 482 1216 516 ,
1271 436 1410 515 aut,
1458 432 1513 496 si
1556 432 1797 517 minus,
1843 453 1973 497 una
2014 434 2263 518 meher-

227 519 370 584 cule
407 518 773 584 conlocutio
810 522 1032 584 nostra
1064 519 1269 604 pluris
1308 520 1431 584 erit
1473 542 1665 603 quam
1712 542 1932 585 omnes
1970 520 2262 588 Samaro-

226 608 470 673 brivae.
559 606 881 691 Denique,
947 607 1002 672 si
1057 607 1186 671 cito
1239 610 1306 672 te
1362 608 1713 694 rettuleris,
1778 630 1987 673 sermo
2040 611 2259 675 nullus

171 714 202 755 5
229 696 382 782 erit3
437 695 494 759 si
550 696 793 759 diutius
847 696 1089 760 frustra
1143 696 1406 780 afueris,
1464 718 1596 761 non
1648 698 1841 761 modo
1895 696 2259 784 Laberium,

229 783 345 848 sed
390 784 586 847 etiam
623 783 906 847 sodalem
940 788 1235 847 nostrum
1271 783 1605 848 Valerium
1640 786 2051 873 pertimesco,
2093 787 2260 851 mira

229 872 406 936 enim
476 893 749 956 persona
819 871 1037 935 induci
1107 876 1324 956 potest
1394 872 1751 938 Britannici
1823 874 2258 939 iureconsulti.

227 958 413 1025 Haec
457 981 577 1046 ego
620 981 754 1025 non
797 959 994 1045 ride0,
1041 961 1333 1044 quamvis
1377 964 1450 1025 tu
1495 961 1730 1047 rideaS,
1775 961 1887 1025 sed
1933 962 2009 1026 de
2053 985 2122 1027 re
2169 985 2259 1028 se·
2296 980 2328 1027 3

227 1047 569 1113 verissima
625 1052 864 1133 tecum,
924 1052 998 1112 ut
1057 1048 1256 1133 selec,
1316 1048 1511 1114 iocor.
1600 1048 1877 1114 Remoto
1937 1050 2079 1115 ioco
2134 1051 2259 1117 tibi

141 1156 201 1194 ιο
226 1136 358 1200 hoc
403 1136 790 1200 amicissimo
837 1136 1050 1200 animo
1095 1136 1439 1221 praecipio,
1485 1139 1575 1222 ut,
1622 1138 1677 1201 si
1722 1138 1870 1203 istic
1912 1160 2055 1203 mea
2092 1160 2260 1203 com-

227 1224 643 1289 mendatione
686 1228 866 1288 tuam
913 1224 1296 1311 dignitatem
1342 1224 1682 1311 optinebis,
1726 1227 2009 1310 perferas
2052 1228 2259 1293 nostri

229 1312 650 1396 desiderium,
705 1312 1110 1376 honestatem
1164 1316 1230 1377 et
1273 1313 1610 1377 facultates
1655 1317 1799 1378 tuas
1844 1336 2105 1401 augeas,
2160 1317 2261 1381 sin

227 1403 450 1464 autem
485 1400 611 1463 ista
647 1399 998 1487 frigebunt,
1040 1401 1313 1485 recipias
1349 1405 1415 1466 te
1443 1401 1525 1465 ad
1559 1423 1693 1467 nos.
1760 1400 1991 1467 Omnia
2026 1407 2260 1490 tamen,

229 1510 397 1572 quae
451 1488 578 1573 vis,
645 1491 710 1551 et
763 1490 878 1552 tua
935 1488 1176 1553 virtute
1237 1490 1529 1573 profecto
1594 1493 1660 1554 et
1721 1494 1945 1555 nostro
2008 1514 2259 1558 summo

141 1592 200 1634 15
229 1598 390 1663 erga
433 1579 499 1640 te
547 1576 760 1640 studio
813 1597 1213 1661 consequere.

1172 1803 1317 1869 XII.

699 1924 814 1980 Ser.
852 1925 1061 1980 Romae
1097 1942 1164 1979 m.
1205 1926 1374 1981 Febr.
1422 1944 1473 1981 α.
1514 1931 1619 1981 701
1661 1929 1796 1997 (53).

911 2047 1164 2103 CICERO
1203 2048 1585 2104 TREBATIO.

365 2190 674 2275 Mirabar,
721 2190 879 2274 quid
923 2194 1114 2277 esset,
1161 2191 1336 2275 quod
1380 2196 1453 2256 tu
1497 2192 1662 2257 mihi
1705 2192 1956 2257 litteras
1999 2192 2257 2259 mittere
2296 2211 2327 2259 1

144 2298 202 2337 20
229 2279 712 2344 intermisisses:
758 2279 1066 2343 indicavit
1109 2279 1273 2344 mihi
1308 2279 1517 2344 Pansa
1549 2302 1731 2344 meus
1766 2280 2158 2366 Epicureum
2193 2287 2258 2348 te

229 2390 370 2433 esse
415 2368 675 2431 factum.
767 2365 820 2430 Ο
869 2370 1076 2431 castra
1119 2367 1469 2452 praeclara!
1543 2368 1713 2445 Quid
1756 2373 1831 2434 tu
1873 2370 2157 2457 fecisses,
2202 2372 2259 2437 si

228 2460 298 2520 te
335 2455 687 2520 Tarentum
725 2458 789 2519 et
825 2477 956 2520 non
985 2454 1502 2521 Samarobrivam
1537 2457 1899 2524 misissem?
1941 2456 2081 2523 Iam
2116 2463 2257 2524 tum

226 2543 397 2609 mihi
439 2564 574 2608 non
615 2544 938 2628 placebaS,
994 2565 1139 2608 cum
1191 2544 1363 2609 idem
1416 2545 1681 2610 tuebare
1734 2547 1909 2631 quod
1958 2548 2007 2631 †
2049 2547 2257 2633 ZeiuS,

228 2631 572 2696 familiaris
614 2653 813 2696 meus.
905 2630 1031 2696 Sed
1085 2654 1365 2717 quonam
1417 2633 1611 2699 modo
1666 2634 1767 2699 ius
1814 2635 1999 2700 civile
2046 2635 2256 2699 defen-
2292 2651 2325 2699 2

143 2737 202 2778 2⁵
231 2721 372 2805 des,
429 2740 575 2783 cum
629 2720 846 2785 omnia
896 2724 1009 2784 tua
1064 2742 1252 2786 causa
1295 2722 1517 2807 facias,
1574 2744 1707 2787 non
1752 2722 2033 2788 civium?
2120 2720 2257 2787 Ubi

227 2829 430 2893 porro
495 2808 609 2871 illa
672 2808 796 2873 erit
857 2808 1134 2873 formula
1197 2809 1493 2875 fiduciae:
1558 2811 1682 2875 ‘VT
1746 2828 1965 2875 INTER
2024 2826 2254 2875 BONOS

228 2914 420 2961 BENE
482 2913 698 2961 AGIER
759 2898 1162 2961 OPORTET'?
1224 2899 1273 2982 †
1332 2899 1477 2983 quis
1530 2900 1702 2963 enim
1757 2902 1879 2983 est,
1934 2899 2046 2982 qui
2100 2898 2257 2963 facit

227 2984 403 3049 nihil
445 2984 572 3048 nisi
617 3005 733 3048 sua
770 2985 998 3048 causa?
1045 2985 1232 3062 Quod
1266 2988 1367 3051 ius
1404 2991 1645 3052 statues
1690 2988 2037 3051 ‘COMMVNI
2080 3004 2257 3051 DIVI-

231 3073 544 3157 DVNDO',
598 3094 795 3157 quom
851 3094 1185 3138 commune
1237 3076 1405 3139 nihjl
1457 3076 1663 3159 possit
1716 3096 1851 3139 esse
1905 3074 2076 3158 apud
2130 3096 2255 3161 eOS,

147 3178 205 3217 so
233 3160 351 3244 qui
398 3160 612 3224 omnia
656 3162 988 3245 voluptate
1032 3184 1146 3226 sua
1189 3164 1588 3229 metiuntur?
1635 3161 1775 3239 Quo
1810 3161 2003 3227 modo
2041 3167 2257 3228 autem

231 3247 362 3312 tibi
406 3248 686 3332 placebit
731 3246 993 3314 ‘Iovem
1037 3268 1355 3315 LAPIDEM
1400 3252 1713 3335 IURARE'‚
1761 3270 1906 3315 cum
1951 3251 2112 3315 scias
2156 3248 2257 3316 Io-

229 3358 382 3401 vem
417 3334 654 3401 iratum
690 3358 825 3421 esse
859 3338 1104 3403 nemini
1137 3341 1368 3424 posse?
1460 3339 1629 3417 Quid
1654 3340 1767 3403 fiet
1792 3360 1986 3423 porro
2013 3340 2255 3423 populo

229 3422 596 3511 Ulubrano,
655 3426 711 3489 si
756 3429 831 3490 tu
876 3428 1176 3491 statueris
1227 3430 1695 3493 πολιτεύεσθαι
1740 3448 1873 3491 non
1918 3429 2256 3511 oportere?

235 3510 475 3597 Quare,
539 3514 594 3578 si
654 3515 844 3598 plane
907 3537 945 3578 a
1004 3514 1194 3580 nobis
1269 3517 1515 3601 deficis,
1586 3516 1854 3581 moleste
1916 3516 2052 3581 fero
2067 3567 2086 3602 ,
2158 3517 2260 3582 sin
