2567 3884
874 205 1090 258 LIBER
1126 205 1257 259 XVI
1297 211 1380 273 12,
1422 212 1504 260 13.
2081 207 2214 271 479

178 349 633 413 auctoritatem
688 347 757 411 in
817 348 992 411 illius
1050 349 1337 413 exercitu
1395 348 1708 434 habebat,
1767 348 1838 413 Τ.
1893 350 2218 414 Labienus

178 438 393 501 socius
448 436 705 499 sceleris
759 458 895 500 esse
949 437 1176 501 noluit.
1266 436 1560 521 Reliquit
1614 437 1800 501 illum
1856 442 1920 501 et
1974 446 2066 503 est
2104 460 2217 502 no-

177 526 451 609 biscum,
496 524 813 608 multique
860 526 1031 589 idem
1076 525 1312 589 facturi
1359 546 1494 589 esse
1541 525 1857 589 dicuntur.

314 613 461 699 Ego
536 613 745 676 adhuc
809 634 955 677 orae
1032 614 1394 677 maritimae
1456 636 1754 697 praesum
1819 637 1856 677 a
1917 613 2212 677 Formiis,
2253 631 2284 679 5

127 722 151 761 5
176 700 455 766 Nullum
490 702 699 765 maius
734 702 1069 787 negotium
1108 702 1429 785 suscipere
1464 702 1660 786 volui,
1697 723 1825 785 quo
1861 702 2008 785 plus
2045 702 2215 785 apud

178 790 369 853 illum
426 811 605 853 meae
662 789 917 853 litterae
976 790 1580 873 cohortationesque
1633 791 1716 853 ad
1770 812 1994 873 pacem
2047 790 2214 854 vale—

178 882 342 942 rent.
409 876 524 941 Sin
560 881 775 941 autem
812 878 935 942 erit
970 877 1231 962 bellum,
1276 878 1464 941 video
1509 901 1614 942 me
1651 879 1875 941 castris
1921 882 1986 942 et
2023 879 2214 941 certis

174 966 548 1053 legionibus
592 967 1055 1049 praefuturum.
1118 965 1346 1031 Habeo
1386 967 1579 1030 etiam
1616 967 1795 1030 illam
1831 967 2214 1051 molestiam,

178 1054 359 1138 quod
402 1054 742 1118 Dolabella
784 1059 1005 1119 noster
1048 1058 1205 1137 aput
1252 1054 1588 1118 Caesarem
1634 1059 1745 1119 est.

102 1164 149 1202 10
315 1141 493 1206 Haec
537 1143 663 1206 tibi
706 1145 863 1206 nota
908 1164 1043 1206 esse
1088 1143 1294 1227 volui3
1341 1165 1503 1226 quae
1542 1165 1692 1208 cave
1729 1165 1809 1207 ne
1855 1147 1919 1207 te
1964 1147 2213 1226 pertur-

178 1231 339 1293 bent
385 1234 450 1294 et
495 1230 849 1314 impediant
885 1231 1319 1295 valetudinem
1357 1236 1552 1295 tuam.
1617 1231 1761 1317 Ego
1798 1230 1875 1295 A.
1913 1230 2212 1315 Varroni,
2251 1251 2282 1299 6

178 1340 375 1403 quem
440 1340 635 1402 quom
709 1319 1219 1383 amantissimum
1282 1320 1412 1383 mei
1477 1320 1752 1406 cognovi
1814 1325 1954 1383 tum
2019 1320 2214 1383 etiam

177 1407 367 1472 valde
413 1408 510 1469 tui
558 1408 935 1492 studiosum,
987 1408 1479 1493 diligentissime
1525 1412 1590 1471 te
1637 1408 2094 1492 commendavi,
2141 1412 2215 1471 ut

179 1500 245 1558 et
304 1495 691 1559 valetudinis
749 1500 897 1559 tuae
955 1496 1272 1559 rationem
1331 1496 1598 1561 haberet
1658 1500 1722 1559 et
1780 1497 2214 1597 navigationis

103 1602 153 1641 15
180 1587 247 1647 et
292 1586 507 1647 totum
551 1587 617 1647 te
663 1584 1011 1667 susciperet
1058 1606 1131 1647 ac
1176 1588 1481 1647 tueretur.
1575 1582 1779 1659 Quem
1827 1585 2042 1649 omnia
2087 1585 2216 1648 fac-

177 1676 401 1735 turum
449 1672 727 1757 confido3
774 1672 1015 1772 recepit
1050 1672 1223 1735 enim
1260 1675 1326 1735 et
1360 1693 1612 1736 mecum
1648 1672 1903 1736 locutus
1941 1677 2036 1736 est
2075 1694 2214 1735 sua-

178 1760 458 1823 vissime.
559 1759 688 1844 Tu,
750 1760 1054 1844 quoniam
1110 1781 1184 1823 eo
1240 1763 1531 1842 tempore
1585 1782 1839 1823 mecum
1894 1782 2028 1824 esse
2082 1783 2214 1823 non

176 1848 479 1932 potuisti,
536 1870 663 1931 quo
712 1870 831 1934 ego
878 1848 1156 1912 maxime
1204 1870 1465 1930 operam
1513 1851 1577 1911 et
1630 1848 2008 1911 fidelitatem
2056 1848 2215 1912 desi-

181 1936 401 2000 deravi
436 1939 633 2020 tuam,
681 1958 831 2001 cave
876 1936 1141 2000 festines
1187 1940 1298 1999 aut
1337 1936 1719 2020 committas,
1764 1940 1838 1999 ut
1875 1940 1986 1999 aut
2023 1958 2216 2021 aeger

101 2044 153 2081 20
180 2028 291 2088 aut
335 2024 549 2087 hieme
594 2025 874 2111 naviges,
965 2024 1338 2107 Numquam
1377 2046 1518 2088 sero
1555 2027 1622 2087 te
1657 2024 1906 2088 venisse
1950 2023 2214 2109 putab0,

180 2113 235 2175 si
291 2112 506 2176 salvus
565 2114 831 2177 veneris,
931 2112 1163 2176 Adhuc
1221 2112 1544 2175 neminem
1603 2112 1920 2197 videram,
1982 2112 2094 2195 (1111
2148 2116 2214 2177 te

178 2204 405 2283 postea
449 2201 714 2265 vidisset
760 2223 954 2284 quam
998 2200 1084 2264 M.
1122 2200 1458 2285 Volusius,
1517 2223 1554 2263 a
1600 2222 1728 2283 quo
1774 2205 1918 2264 tuas
1962 2201 2213 2265 litteras

181 2289 413 2371 accepi.
516 2288 703 2364 Quod
759 2310 891 2353 non
948 2288 1258 2375 mirabar3
1317 2310 1525 2372 neque
1585 2290 1758 2353 enim
1820 2311 1994 2353 meas
2052 2293 2213 2372 puto

181 2376 263 2439 ad
315 2380 380 2440 te
437 2376 689 2441 litteras
742 2381 923 2441 tanta
978 2378 1189 2441 hieme
1243 2378 1533 2460 perferri.
1627 2376 1754 2441 Sed
1809 2377 1887 2440 da
1934 2399 2214 2463 operam,

98 2481 153 2521 25
180 2468 253 2528 ut
307 2465 519 2529 valeas
575 2469 669 2549 et,
730 2466 784 2529 si
839 2465 1083 2530 valebis
1092 2516 1109 2550 ,
1172 2487 1318 2529 cum
1377 2470 1549 2529 recte
1607 2466 1901 2552 navigari
1954 2467 2214 2551 poterit,

179 2558 321 2617 tum
376 2553 656 2639 naviges,
750 2553 972 2617 Cicero
1020 2575 1200 2617 meus
1256 2554 1325 2617 in
1371 2553 1717 2618 Formiano
1765 2558 1928 2637 erat,
1983 2554 2216 2617 Teren-

178 2642 273 2704 tia
328 2644 392 2704 et
438 2641 650 2705 Tullia
694 2641 955 2706 Romae.
1049 2641 1248 2726 Cura,
1305 2645 1378 2705 ut
1433 2643 1662 2707 valeas,
1751 2660 1858 2705 1111
1903 2642 1982 2705 K.
2027 2641 2213 2705 Febr.

180 2729 417 2813 Capua.

1114 2886 1290 2953 XIII.

13 3032 15 3047 ¹
96 3030 147 3069 30
446 3073 450 3076 ,
714 3008 827 3064 Sor.
866 3010 965 3064 IV
992 3010 1079 3064 Id.
1119 3010 1258 3079 Apr.
1299 3028 1350 3064 a.
1392 3013 1499 3063 701
1541 3012 1679 3077 (53).

853 3131 1156 3185 TULLIUS
1194 3131 1449 3185 TIRONI
1487 3132 1538 3187 S.

314 3254 547 3320 Omnia
584 3279 622 3320 a
657 3261 722 3320 te
753 3258 899 3320 data
935 3258 1098 3323 mihi
1134 3259 1398 3342 putabO,
1437 3258 1492 3321 si
1528 3261 1593 3321 te
1622 3257 1943 3321 valentem
1972 3255 2211 3323 videro.

176 3344 445 3408 Summa
492 3367 643 3408 cura
698 3346 1144 3429 exspectabam
1200 3347 1547 3411 adventum
1600 3345 1966 3430 Menandri,
2021 3368 2212 3429 quem

174 3434 259 3497 ad
296 3436 361 3496 te
398 3433 714 3497 miseram.
792 3432 976 3518 Cura,
1024 3434 1081 3498 si
1122 3457 1227 3499 me
1274 3434 1511 3520 diligis,
1558 3438 1632 3498 ut
1677 3434 1888 3497 valeas
1936 3438 2018 3517 et,
2065 3456 2212 3499 cum

90 3541 143 3580 55
171 3527 239 3586 te
288 3521 451 3585 bene
500 3522 915 3606 confirmariS,
960 3523 1042 3585 ad
1085 3544 1205 3587 nos
1249 3523 1484 3587 venias,
1547 3522 1725 3587 Vale.
1773 3541 1879 3585 1111
1922 3521 2014 3587 Id.
2052 3521 2210 3607 Apr.
