2567 3884
4 1032 7 1119 l

597 226 695 279 AD
736 226 972 291 QUINT.
1009 227 1267 282 FRATR.
1304 228 1521 281 LIBER
1555 228 1607 281 Π
1642 234 1692 297 2,
1730 235 1779 283 3.
2077 228 2208 292 523

185 369 427 433 nostris
491 366 844 455 (placuerat
907 370 1078 434 enim
1150 372 1387 435 referre
1456 369 1793 457 gratiam),
1865 374 1939 435 ut
2000 392 2205 454 neque

186 460 405 521 mente
440 478 559 521 nec
592 458 816 543 lingua
849 480 1055 558 neque
1084 480 1193 522 ore
1221 459 1611 523 consisteret.
1671 458 1769 522 Ea
1795 480 1896 522 res
1924 463 2065 523 acta
2092 462 2205 543 est,

188 566 338 609 cum
398 545 561 609 hora
619 549 799 609 sexta
854 546 966 610 vix
1021 546 1367 629 Pompeius
1422 551 1806 630 perorasset,
1865 568 2066 630 usque
2124 510 2206 610 ad

186 633 417 696 horam
461 650 616 716 VIII,
663 655 809 697 cum
855 635 1070 698 omnia
1112 635 1467 719 maledicta,
1512 656 1731 699 versus
1777 635 2049 718 denique
2096 636 2205 698 ob-

128 741 158 780 5
187 721 544 785 scenissimi
587 682 656 783 in
703 720 999 786 Clodium
1042 727 1108 786 et
1145 722 1437 787 Clodiam
1482 723 1855 787 dicerentur.
1944 721 2063 787 Ille
2110 723 2206 786 fu-

189 831 336 873 rens
391 814 457 872 et
510 810 848 895 exsanguis
901 810 1342 897 interrogabat
1399 831 1549 874 suos
1599 812 1670 874 in
1724 811 1998 874 clamore
2043 810 2203 895 ipso,

189 898 336 981 quis
393 901 558 961 esset
570 948 587 980 ,
651 898 764 980 qui
819 899 1073 981 plebem
1127 899 1295 963 fame
1348 903 1617 963 necaret.
1708 898 2204 982 Respondebant

189 1006 446 1069 operae:
502 984 983 1069 Pompeius'.
1075 986 1232 1062 Quis
1276 985 1742 1051 Alexandream
1787 986 1881 1050 ire
1927 989 2202 1070 cuperet.

188 1072 710 1157 Respondebam:
778 1072 1259 1157 Pompeius’.
1353 1074 1555 1150 Quem
1600 1076 1692 1138 ire
1738 1075 1991 1139 vellent.
2081 1073 2204 1138 Re·

103 1183 158 1221 10
188 1161 613 1245 spondebant.
663 1161 1092 1225 Crassum'.
1181 1160 1248 1225 Is
1281 1163 1499 1227 aderat
1544 1156 1685 1226 tum
1720 1162 1950 1227 Miloni
1986 1162 2201 1226 animo

188 1270 321 1312 non
357 1250 578 1313 amico.
667 1248 848 1313 Hora
889 1251 1022 1314 fere
1065 1272 1236 1314 nona
1280 1252 1463 1334 quasi
1498 1251 1683 1336 signo
1722 1251 1870 1315 dato
1910 1249 2203 1314 Clodiani

188 1340 446 1401 nostros
491 1342 868 1421 consputare
903 1343 1263 1422 coeperunt.
1346 1338 1607 1403 Exarsit
1644 1339 1841 1403 dolor.
1845 1378 1879 1407 x
1910 1338 2202 1424 Urguere

187 1425 313 1508 illi,
374 1428 448 1489 ut
498 1426 640 1490 loco
694 1448 814 1489 nos
867 1430 1212 1491 moverent.
1305 1426 1539 1491 Factus
1582 1430 1679 1490 est
1723 1449 1762 1490 a
1803 1427 2041 1491 nostris
2085 1427 2203 1491 im-

186 1476 400 1598 peti1s3
460 1513 614 1600 fuga
667 1535 1034 1599 operarum3
1091 1514 1329 1580 eiectus
1377 1516 1453 1579 de
1505 1516 1731 1578 rostris
1778 1514 2068 1599 Clodius,
2129 1536 2203 1578 ac

108 1621 160 1660 15
189 1622 310 1666 nos
354 1623 609 1685 quoque
653 1605 793 1665 tum
839 1602 1148 1688 fugimus,
1192 1624 1272 1666 ne
1320 1603 1476 1685 quid
1519 1603 1588 1665 in
1633 1603 1838 1667 turba.
1931 1602 2201 1667 Senatus

186 1693 452 1754 vocatus
496 1690 564 1753 in
609 1691 866 1753 curiam.
936 1689 1281 1774 Pompeius
1328 1691 1604 1755 domum.
1671 1689 1898 1774 Neque
1944 1712 2064 1777 ego
2109 1695 2202 1755 ta-

188 1799 338 1842 men
383 1778 451 1841 in
497 1781 815 1862 senatum,
870 1800 950 1841 ne
996 1782 1107 1841 aut
1161 1779 1236 1841 de
1281 1778 1481 1842 tantis
1525 1777 1715 1841 rebus
1767 1783 2044 1843 tacerem
2090 1782 2202 1843 aut

187 1867 258 1929 in
302 1865 610 1949 Pompeio
657 1866 1048 1930 defendendo
1108 1863 1286 1953 (nam
1331 1866 1387 1929 is
1441 1866 1820 1949 carpebatur
1865 1888 1902 1929 a
1945 1865 2201 1950 Bibulo,

191 1953 494 2037 Curione,
546 1953 855 2037 FavoniO,
913 1953 1184 2018 Servilio
1229 1952 1396 2039 filio)
1456 1954 1703 2017 animos
1747 1954 2065 2017 bonorum
2110 1954 2202 2017 vi-

105 2062 160 2100 20
188 2064 410 2107 rorum
457 2042 855 2105 offenderem.
910 2041 1091 2105 Res
1072 2064 1142 2106 111
1176 2046 1507 2125 posterum
1545 2042 1742 2105 dilata
1777 2046 1888 2105 est.
1938 2040 2201 2105 Clodius

185 2130 258 2194 in
303 2128 660 2205 Quirinalia
703 2130 990 2213 prodixit
1037 2130 1220 2194 diem.

319 2216 397 2280 A.
447 2217 503 2287 d.
557 2235 658 2281 VII
706 2216 798 2281 Id.
844 2217 1028 2282 Febr.
1084 2222 1339 2283 senatus
1398 2218 1478 2281 ad
1534 2217 1857 2301 Apollinis
1915 2218 2065 2301 fuit,
2127 2221 2198 2281 ut
2235 2234 2268 2282 3

185 2304 533 2389 Pompeius
585 2306 846 2369 adesset.
935 2306 1102 2370 Acta
1153 2328 1254 2370 res
1310 2310 1407 2369 est
1463 2305 1747 2392 graviter
1792 2328 1829 2369 a
1870 2304 2198 2389 Pompeio.

187 2393 288 2457 Eo
353 2393 454 2457 die
516 2394 681 2456 nihil
740 2395 1094 2478 perfectum
1155 2398 1268 2457 est.
1359 2393 1437 2457 A.
1494 2394 1549 2457 d.
1604 2412 1677 2458 VI
1734 2393 1826 2458 Id.
1878 2394 2064 2458 Febr.
2120 2394 2202 2457 ad

106 2499 158 2538 25
186 2480 512 2565 Apollinis
557 2485 812 2545 senatus
856 2482 1217 2546 consultum
1261 2483 1503 2546 factum
1550 2485 1645 2545 est
1691 2504 1780 2566 ea,
1827 2503 1987 2565 quae
2033 2482 2201 2545 facta

185 2573 400 2633 essent
453 2592 505 2632 a.
554 2570 609 2633 d.
656 2588 781 2633 vm
823 2567 914 2633 Id.
960 2569 1143 2634 Febr.
1153 2620 1172 2653 ,
1231 2574 1455 2634 contra
1507 2592 1643 2634 rem
1695 2570 2020 2653 publicam
2065 2591 2201 2632 esse

185 2658 370 2721 facta.
461 2656 560 2721 Eo
609 2658 708 2721 die
755 2658 913 2722 Cato
957 2658 1366 2722 vehementer
1418 2662 1514 2722 est
1571 2658 1641 2721 in
1684 2657 2063 2741 Pompeium
2107 2657 2202 2720 in-

184 2750 406 2811 vectus
451 2748 516 2809 et
560 2766 707 2809 eum
745 2746 1030 2810 oratione
1074 2750 1383 2829 perpetua
1426 2751 1754 2829 tamquam
1799 2766 1979 2809 reum
2024 2765 2202 2808 accu-

186 2834 379 2918 savit3
434 2833 510 2897 de
553 2855 656 2897 me
700 2834 904 2897 multa
947 2855 1050 2897 me
1093 2834 1301 2898 invito
1348 2856 1492 2897 cum
1536 2856 1679 2897 mea
1723 2854 1971 2896 summa
2015 2832 2201 2895 laude

105 2939 158 2978 ³0
187 2922 378 3005 dixit3
438 2942 582 2985 cum
640 2921 814 2985 illius
871 2922 940 2985 in
983 2944 1086 2986 me
1137 2922 1473 3006 perfidiam
1516 2922 1902 3004 increparet,
1948 2919 2203 2983 auditus

185 3013 284 3074 est
310 3031 546 3095 magno
575 3010 830 3074 silentio
858 3010 1269 3074 malevorum.
1315 3008 1672 3092 Respondit
1708 3009 1767 3071 ei
1795 3008 2204 3072 vehementer

182 3097 528 3181 Pompeius
594 3097 1015 3182 Crassumque
1088 3098 1423 3181 descripsit
1495 3096 1783 3179 dixitque
1828 3100 2071 3179 aperte
2136 3117 2202 3159 se

183 3186 599 3251 munitiorem
653 3186 734 3249 ad
787 3186 1265 3249 custodiendam
1311 3185 1511 3249 vitam
1556 3206 1736 3248 suam
1780 3184 1955 3267 fore,
2010 3204 2203 3267 quam

182 3273 528 3337 Africanus
573 3273 814 3358 fuisset,
859 3296 1050 3357 quem
1097 3274 1162 3338 C.
1212 3273 1421 3338 Carbo
1467 3272 1910 3337 interemisset.
1974 3268 2200 3355 Itaque
2238 3287 2271 3335 4

105 3378 156 3417 ³⁵
183 3383 454 3447 magnae
498 3361 661 3424 mihi
705 3382 806 3425 res
849 3362 977 3425 iam
1022 3362 1268 3425 moveri
1314 3361 1709 3426 videbantur.
1799 3359 1970 3425 Nam
2013 3358 2203 3423 Pom-

180 3451 367 3534 peius
401 3448 558 3512 haec
593 3449 912 3535 intellegit
946 3450 1410 3533 nobiscumque
1447 3449 1891 3532 communicat,
1938 3447 2203 3511 insidias

181 3538 354 3603 vitae
391 3558 540 3601 suae
576 3537 734 3621 fieri,
782 3535 848 3599 C.
880 3536 1187 3601 Catonem
1223 3560 1262 3601 a
1300 3538 1527 3602 Crasso
1566 3537 1927 3621 sustentari,
1974 3535 2202 3600 Clodio
