2567 3884
955 179 1174 232 LIBER
1210 181 1262 233 11
1305 185 1531 237 17—19.
1922 219 1927 224 .
2167 183 2250 247 51

204 328 516 408 quaestor
563 326 734 386 tuus.
815 321 1065 388 Nocere
1101 323 1224 387 tibi
1260 324 1501 387 iratum
1536 324 1859 389 neminem
1893 349 2081 411 posse
2114 349 2257 412 per-

207 412 434 497 spicio,
463 411 581 476 sed
598 414 818 475 tamen
835 414 967 475 tres
984 412 1214 474 fratres
1235 434 1487 476 summo
1506 413 1649 476 loco
1669 417 1873 499 natos,
1899 420 2255 501 promptos,

206 523 342 566 non
389 500 743 564 indisertos
796 503 862 562 te
906 501 1059 563 nolo
1103 500 1343 564 habere
1388 501 1619 586 iratOS,
1665 502 1806 565 iure
1849 504 2255 590 praesertim3
2276 531 2289 544 ·

210 611 378 674 quos
431 587 625 653 video
687 586 984 671 deinceps
1041 588 1341 652 tribunos
1392 590 1479 673 pl.
1524 611 1642 673 per
1692 590 2045 654 triennium
2097 593 2253 656 fore.

159 697 183 736 5
210 677 540 760 Tempora
596 679 811 739 autem
865 677 960 740 rei
1012 676 1310 760 publicae
1366 677 1581 760 qualia
1634 678 1853 742 futura
1907 679 2036 742 sint
2044 729 2062 762 ,
2110 680 2254 763 quis
2291 698 2324 746 3

212 766 384 831 scit?
428 764 594 828 mihi
641 764 902 848 quidem
945 764 1321 829 turbulenta
1363 765 1665 830 videntur
1707 767 1862 830 fore.
1957 766 2088 830 Cur
2132 789 2253 854 ego

211 859 278 918 te
306 853 508 918 velim
536 852 817 916 incidere
853 853 923 916 in
957 856 1237 917 terrores
1262 854 1664 939 tribunicios,
1700 856 2078 938 praesertim
2108 876 2253 920 cum

213 943 354 1006 sine
402 942 780 1024 cuiusquam
825 940 1319 1025 reprehensione
1366 943 1747 1025 quaestoriis
1790 943 2021 1029 legatis
2067 966 2255 1027 quae-

214 1035 460 1095 storem
515 1029 724 1113 possis
771 1030 1130 1094 anteferre?
1195 1029 1322 1105 Qui
1369 1031 1423 1094 si
1469 1051 1535 1096 se
1578 1031 1847 1116 dignum
1899 1031 2254 1095 maioribus

141 1138 190 1177 ιο
215 1120 353 1183 suis
409 1117 807 1202 praebuerit,
862 1121 936 1180 ut
982 1139 1168 1201 spero
1216 1121 1280 1181 et
1328 1122 1510 1204 opto,
1570 1122 1685 1182 tua
1726 1120 1867 1183 laus
1914 1142 1994 1183 ex
2038 1120 2255 1203 aliqua

213 1210 402 1292 parte
448 1206 672 1291 fuerit3
718 1205 818 1268 sin
865 1206 1022 1289 quid
1068 1206 1425 1292 offenderit,
1473 1207 1598 1270 sibi
1642 1211 1873 1292 totum,
1919 1208 2085 1271 nihil
2128 1209 2253 1272 tibi

216 1294 578 1360 offenderit.
2065 1304 2071 1310 '

351 1381 530 1459 Quae
574 1381 738 1444 mihi
783 1381 1126 1446 veniebant
1179 1383 1252 1447 in
1305 1386 1613 1466 mentem,
1670 1405 1832 1467 quae
1878 1385 1960 1448 ad
2002 1388 2069 1448 te
2112 1407 2254 1469 perr

213 1472 425 1536 tinere
473 1468 860 1554 arbitrabar,
907 1491 1104 1553 quom
1148 1471 1218 1535 in
1266 1469 1558 1535 Ciliciam
1601 1472 2078 1557 proficiscebar,
2125 1474 2254 1537 exi-

145 1577 189 1617 15
216 1559 479 1624 stimavi
524 1580 628 1621 me
675 1558 756 1620 ad
798 1562 864 1621 te
911 1562 1208 1642 oportere
1245 1559 1549 1645 scribere3
1594 1563 1669 1622 tu
1706 1561 1880 1643 quod
1916 1561 2140 1647 egeriS,
2185 1561 2254 1625 id

214 1648 414 1712 velim
464 1647 529 1710 di
576 1645 960 1731 adprobent3
1017 1647 1152 1731 sed,
1209 1647 1263 1710 si
1309 1669 1413 1710 me
1459 1647 1702 1731 audies,
1758 1648 1995 1715 vitabis
2041 1649 2253 1714 inimi-

215 1736 403 1800 citias
451 1738 517 1799 et
561 1734 958 1817 posteritatis
1011 1735 1146 1799 otio
1193 1736 1503 1800 consules.

1153 1980 1325 2046 XIX.

311 2103 426 2158 Ser.
469 2104 532 2155 in
569 2103 762 2157 castris
797 2103 862 2156 in
894 2102 1092 2156 Cilicia
1127 2121 1180 2156 a.
1213 2105 1264 2157 d.
1306 2104 1411 2156 XI
1431 2103 1504 2158 K.
1552 2105 1739 2174 Qw‘fnt.
1778 2123 1828 2159 a.
1863 2109 1971 2159 704
2012 2107 2149 2173 (50).

147 2230 196 2269 ²⁰
217 2226 291 2281 M.
342 2224 652 2279 TULLIUS
698 2224 772 2278 M.
809 2224 869 2278 F.
919 2225 1004 2280 M.
1044 2226 1118 2280 N.
1169 2224 1424 2279 CICERO
1472 2226 1617 2282 [MP.
1669 2226 1721 2282 S.
1768 2226 1835 2280 D.
1884 2225 1940 2281 C.
1990 2225 2247 2281 COELIO

862 2295 922 2350 L.
960 2295 1021 2350 F.
1060 2295 1116 2350 C.
1157 2295 1225 2350 N.
1266 2295 1503 2350 CALDO
1544 2295 1607 2362 Q.

374 2438 541 2503 Cum
607 2439 1079 2522 optatissimum
1141 2440 1443 2503 nuntium
1514 2441 1897 2524 accepissem
1958 2445 2024 2506 te
2086 2443 2248 2506 mihi
2288 2461 2315 2508 1

219 2531 628 2613 quaestorem
666 2527 991 2615 optigisse,
1038 2549 1112 2591 eo
1158 2528 1600 2592 iucundiorem
1634 2529 1796 2592 mihi
1835 2552 1974 2594 eam
2011 2535 2249 2595 sortem

219 2615 560 2701 sperabam
597 2616 753 2699 fore,
792 2637 921 2698 quo
958 2615 1199 2679 diutius
1235 2617 1305 2679 in
1341 2617 1671 2699 provincia
1706 2639 1957 2682 mecum
1993 2619 2249 2703 fuisses3

150 2722 197 2762 25
220 2705 443 2791 magni
482 2703 654 2767 enim
690 2704 1031 2767 videbatur
1064 2705 1369 2768 interesse
1406 2705 1487 2768 ad
1524 2727 1663 2769 eam
1698 2706 2249 2791 necessitudinem,

222 2815 418 2877 quam
464 2792 653 2856 nobis
698 2813 836 2856 sors
880 2792 1229 2876 tribuisset,
1275 2794 1801 2857 consuetudinem
1852 2816 2106 2878 quoque
2152 2816 2249 2857 ac-

222 2882 460 2946 cedere.
552 2879 802 2964 Postea,
855 2902 1051 2963 quom
1094 2880 1257 2944 mihi
1304 2881 1470 2944 nihil
1512 2903 1719 2965 neque
1766 2905 1803 2945 a
1847 2886 1912 2945 te
1956 2882 2097 2965 ipso
2142 2904 2249 2945 ne-

223 2991 346 3053 que
393 2967 476 3032 ab
523 2969 658 3032 ullo
707 2969 832 3032 alio
882 2967 957 3032 de
1013 2969 1289 3033 adventu
1334 2973 1449 3032 tuo
1496 2971 1907 3054 scriberetur,
1965 2969 2249 3055 verebar,
2283 2985 2294 2997 ·

219 3079 301 3121 ne
338 3057 433 3121 ita
470 3057 739 3141 caderet,
786 3058 960 3140 quod
1005 3057 1199 3120 etiam
1234 3079 1407 3121 nunc
1442 3079 1683 3143 vereor,
1728 3079 1826 3142 ne,
1873 3061 2018 3121 ante
2057 3079 2249 3141 quam

153 3163 199 3202 80
223 3148 296 3209 tu
331 3144 402 3208 in
437 3145 838 3229 provinciam
873 3144 1171 3230 venisses,
1218 3167 1339 3230 ego
1378 3146 1454 3209 de
1498 3146 1829 3230 provincia
1866 3145 2247 3210 decederem.

223 3232 460 3317 Accepi
507 3236 722 3296 autem
780 3256 818 3296 a
861 3236 925 3296 te
971 3234 1197 3296 missas
1241 3235 1490 3297 litteras
1547 3233 1616 3297 in
1664 3232 1911 3318 Cilicia,
1968 3255 2112 3298 cum
2159 3257 2250 3299 es-

225 3343 355 3389 sem
412 3321 482 3385 in
539 3322 788 3406 castriS,
847 3344 898 3384 a.
939 3321 994 3384 d.
1033 3345 1077 3384 x
1113 3321 1191 3384 K.
1232 3321 1549 3398 Quintiles
1605 3321 1873 3405 scriptas
1928 3321 2251 3386 humanis-

225 3410 399 3493 sime,
445 3409 683 3493 quibus
728 3409 914 3472 facile
961 3413 1025 3472 et
1072 3410 1359 3473 officium
1407 3413 1469 3472 et
1515 3409 1846 3496 ingenium
1891 3413 2076 3475 tuum
2110 3434 2252 3496 per-

225 3499 380 3582 spici
424 3502 662 3583 posset,
710 3498 837 3582 sed,
881 3519 1088 3581 neque
1134 3499 1302 3562 unde
1339 3519 1458 3561 nec
1496 3518 1624 3580 quo
1663 3498 1764 3561 die
1803 3499 1986 3564 datae
2024 3503 2251 3584 essent,

1817 3604 1888 3654 4*
