2567 3884
920 184 1137 237 LIBER
1171 185 1224 237 X
1261 190 1349 253 30,
1390 190 1474 239 31.
2065 180 2197 245 293

183 329 469 411 equitatu
515 327 1036 411 circumibantur,
1083 348 1212 410 quo
1257 327 1362 391 vel
1406 327 1760 411 plurimum
1795 326 1968 390 valet
2001 323 2207 388 Anto-

180 417 337 481 nius,
432 414 594 480 Cum
641 436 862 480 omnes
907 437 974 479 se
1029 415 1416 498 recepissent
1460 416 1667 479 nostri
1715 414 1997 498 ordines,
2052 411 2207 476 reci-

180 526 326 588 pere
379 526 483 568 me
537 504 924 568 novissimus
979 504 1160 587 coepi
1215 504 1297 566 ad
1352 507 1573 566 castra.
1665 502 1990 566 Antonius
2047 504 2207 564 tam-

183 614 370 676 quam
416 592 623 656 victor
668 596 876 662 castra
920 592 1173 675 putavit
1219 613 1285 655 se
1330 612 1518 674 posse
1566 612 1805 674 capere.
1872 589 2013 665 Quo
2061 610 2207 653 cum

121 698 154 737 5
181 681 384 764 venit,
431 680 791 763 complures
836 679 930 743 ibi
977 679 1192 743 amisit
1237 700 1355 742 nec
1401 680 1535 764 egit
1582 679 1940 762 quicquam.

309 767 552 832 Audita
614 790 683 831 re
753 766 1010 831 Hirtius
1074 789 1219 830 cum
1293 767 1669 831 cohortibus
1730 784 1828 829 xx
1890 764 2209 829 veteranis

180 856 470 921 redeunti
513 854 803 919 Antonio
850 856 918 919 in
965 877 1079 919 sua
1125 858 1331 919 castra
1368 856 1646 919 occurrit
1693 855 2034 938 copiasque
2072 852 2209 916 eius

181 944 388 1009 omnis
436 944 687 1029 delevit,
731 943 983 1029 fugavit
1021 944 1371 1027 eodemque
1416 943 1579 1027 loco,
1625 942 1738 1006 ubi
1786 945 1923 1006 erat
1965 962 2212 1027 pugna-

177 1037 349 1117 tum,
414 1032 496 1095 ad
551 1032 794 1097 Forum
856 1031 1219 1117 Gallorum3
1280 1029 1609 1095 Antonius
1672 1052 1818 1094 cum
1882 1029 2211 1113 equitibus

86 1140 150 1181 ιο
177 1121 337 1184 hora
381 1120 592 1183 noctis
639 1123 868 1204 quarta
913 1141 979 1183 se
1025 1120 1094 1183 in
1141 1122 1348 1183 castra
1394 1141 1508 1183 sua
1552 1118 1634 1182 ad
1677 1118 1998 1182 Mutinam
2044 1138 2210 1180 rece-

177 1210 301 1293 pit3
353 1207 610 1272 Hirtius
665 1209 734 1272 in
795 1230 869 1271 ea
923 1211 1130 1271 castra
1185 1208 1403 1291 rediit,
1463 1208 1632 1270 unde
1686 1206 1895 1270 Pansa
1950 1205 2210 1289 exierat,

179 1297 292 1360 ubi
340 1296 495 1360 duas
549 1297 837 1382 legiones
891 1296 1266 1380 reliquerat,
1328 1317 1489 1379 quae
1546 1296 1627 1359 ab
1682 1293 1971 1358 Antonio
2029 1296 2211 1357 erant

181 1388 602 1471 oppugnatae.
698 1384 805 1448 Sic
867 1388 1118 1468 partem
1180 1384 1493 1447 maiorem
1556 1404 1818 1447 suarum
1882 1382 2212 1483 copiarum

179 1472 503 1537 Antonius
559 1472 773 1536 amisit
828 1476 1301 1557 veteranarum3
1356 1492 1474 1535 nec
1527 1471 1596 1535 id
1647 1474 1864 1534 tamen
1918 1470 2055 1533 sine
2102 1468 2213 1531 ali-

85 1579 148 1621 15
182 1584 308 1645 qua
352 1561 598 1625 iactura
635 1561 1001 1625 cohortium
1045 1560 1516 1645 praetoriarum
1552 1563 1920 1622 nostrarum
1958 1561 2022 1621 et
2056 1556 2215 1642 legi-

180 1650 322 1714 onis
358 1628 629 1713 Martiae
665 1649 806 1713 fieri
843 1649 1075 1732 potuit.
1165 1645 1444 1731 Aquilae
1484 1647 1662 1732 duae,
1709 1648 1893 1732 signa
1930 1662 2025 1708 Lx
2062 1647 2213 1709 sunt

179 1738 381 1803 relata
423 1735 699 1822 Antoni3
746 1758 848 1801 res
893 1736 1056 1799 bene
1102 1739 1285 1822 gesta
1332 1739 1446 1799 est.
1537 1734 1615 1799 A.
1664 1734 1721 1799 (1.
1767 1751 1891 1798 XVI
1935 1732 2013 1797 K.
2061 1732 2211 1797 Mai.

178 1848 260 1890 ex
305 1826 549 1890 castris.

1079 1980 1315 2046 XXXI.

81 2128 144 2167 20
513 2102 627 2159 Ser.
671 2102 953 2158 Cordubae
991 2102 1188 2157 XVII
1216 2102 1291 2156 K.
1331 2102 1472 2171 Apr.
1512 2119 1563 2155 a.
1606 2104 1709 2155 711
1753 2102 1885 2168 (43).

562 2224 618 2280 G.
657 2225 944 2279 ASINIUS
981 2223 1250 2279 POLLIO
1291 2222 1634 2278 CICERONI
1674 2222 1725 2277 S.
1762 2222 1829 2277 D.

314 2350 582 2415 Minime
628 2352 865 2429 mirum
910 2350 1035 2414 tibi
1074 2350 1263 2413 debet
1301 2349 1506 2414 videri
1542 2348 1710 2412 nihil
1744 2370 1848 2412 me
1886 2346 2215 2429 scripsisse

178 2440 258 2503 de
306 2460 375 2502 re
419 2462 479 2522 p.
467 2489 500 2523 .,
545 2443 964 2523 posteaquam
1010 2439 1178 2502 itum
1225 2441 1322 2501 est
1372 2437 1454 2501 ad
1504 2460 1697 2501 arma.
1788 2435 1962 2501 Nam
2014 2436 2215 2499 saltus

177 2526 692 2611 CastulonensiS,
756 2528 868 2611 qui
929 2548 1179 2610 semper
1238 2527 1449 2589 tenuit
1508 2529 1766 2589 nostros
1824 2523 2216 2609 tabellarios,

79 2634 142 2677 25
177 2616 303 2679 etsi
366 2636 538 2677 nunc
599 2616 1146 2699 frequentioribus
1208 2614 1567 2678 latrociniis
1639 2614 1937 2678 infestior
2008 2612 2216 2674 factus

174 2708 303 2787 est,
358 2706 577 2767 tamen
628 2725 1033 2787 nequaquam
1078 2706 1260 2765 tanta
1304 2704 1374 2766 in
1419 2724 1603 2766 mora
1647 2704 1770 2786 est,
1818 2702 2058 2784 quanta
2104 2698 2217 2781 qui

169 2754 338 2856 locis
401 2791 700 2855 omnibus
761 2791 1057 2875 dispositi
1118 2791 1198 2853 ab
1261 2794 1537 2891 utraque
1599 2792 1783 2873 parte
1849 2789 2217 2851 scrutantur

169 2880 552 2944 tabellarios
597 2883 662 2943 et
708 2880 1002 2944 retinent.
1092 2876 1347 2962 Itaque,
1405 2879 1531 2941 nisi
1577 2899 1739 2941 nave
1784 2876 2067 2960 perlatae
2112 2874 2218 2937 lit-

168 2973 353 3032 terae
401 2972 629 3052 essent,
667 2969 940 3031 omnino
987 2967 1318 3050 nescirem,
1366 2966 1523 3050 quid
1568 2966 1717 3029 istic
1760 2966 1961 3028 fieret.
2025 2962 2218 3027 Nunc

71 3078 135 3117 30
167 3078 331 3121 vero
367 3060 594 3120 nactus
641 3056 1064 3139 occasionem,
1110 3059 1530 3137 posteaquam
1575 3052 1869 3138 navigari
1918 3054 2217 3134 coeptum

168 3150 302 3229 est,
351 3144 787 3228 cupidissime,
843 3148 908 3208 et
955 3166 1149 3243 quam
1196 3142 1580 3206 creberrime
1626 3145 1883 3225 potem,
1940 3139 2217 3202 scribam

165 3233 256 3297 ad
303 3236 385 3296 te.
475 3232 577 3297 Ne
622 3254 884 3295 movear
922 3232 1058 3295 eius
1098 3231 1520 3314 sermonibus,
1570 3252 1761 3312 quem
1806 3227 2065 3291 tametsi
2110 3248 2217 3291 ne-

162 3343 284 3386 mo
333 3324 429 3384 est
475 3322 586 3403 qui
623 3320 840 3384 videre
876 3321 1051 3404 velit,
1097 3322 1314 3383 tamen
1359 3339 1765 3401 nequaquam
1810 3315 2098 3400 proinde,
2146 3336 2219 3379 ac

165 3410 412 3495 dignus
459 3412 572 3492 est,
620 3408 894 3471 oderunt
937 3408 1233 3471 hommes
1241 3457 1259 3491 ,
1315 3406 1673 3490 periculum
1719 3427 1852 3468 non
1898 3408 2021 3489 est3
2077 3404 2220 3467 ade-

65 3518 131 3557 35
167 3502 283 3563 ost
331 3496 503 3560 enim
550 3497 796 3560 invisus
841 3496 1030 3581 mihi,
1091 3500 1164 3559 ut
1217 3495 1386 3558 nihil
1440 3516 1572 3558 non
1627 3494 1929 3558 acerbum
1974 3497 2217 3578 putem,
