2567 3884
330 245 460 309 134
1069 245 1589 300 EPISTULARUM

251 405 288 455 4
324 388 394 452 in
430 388 790 453 rationibus
827 387 1066 452 rettuli.
1159 386 1286 451 Sed
1324 388 1417 451 sic
1450 408 1553 451 me
1590 391 1656 451 et
1690 388 2100 452 liberalitatis
2136 388 2357 451 fructu

322 477 539 562 privas
593 480 660 541 et
711 476 1086 562 diligentiae
1131 479 1228 560 et,
1288 476 1463 559 quod
1519 476 1786 539 minime
1838 479 2055 540 tamen
2106 476 2357 560 laboro,

323 565 664 629 mediocris
718 565 914 629 etiam
967 563 1377 649 prudentiae,
1434 564 1869 648 liberalitatis,
1930 564 2105 648 quod
2145 564 2357 628 mavis

323 653 569 717 scribae
613 654 743 717 mei
795 652 1108 717 beneficio
1155 674 1349 736 quam
1393 674 1537 716 meo
1582 652 1871 738 legatum
1914 672 2129 716 meum
2173 674 2357 735 prae-

322 742 688 825 fectumque
734 740 806 817 Q.
851 740 1124 826 Leptam
1165 740 1449 804 maxima
1493 740 1853 804 calamitate
1896 740 2158 823 levatOS,
2204 761 2355 803 cum
2414 759 2443 799 5

324 830 704 913 praesertim
781 850 915 893 non
986 829 1293 893 deberent
1364 850 1501 892 esse
1574 828 1877 914 obligati,
1959 827 2355 914 diligentiae,

326 918 502 1002 quod
554 917 883 982 existimas
939 917 1015 981 de
1059 920 1242 981 tanto
1292 916 1506 980 officio
1552 938 1724 1001 mee,
1778 919 1963 980 tanto
2008 917 2201 980 etiam
2246 938 2357 999 pe-

325 1006 530 1070 riculo
584 1026 704 1070 nec
755 1004 950 1068 scisse
1001 1026 1105 1068 me
1160 1004 1506 1088 quicquam
1560 1026 1679 1068 nec
1733 1004 2141 1090 cogitavisse,
2200 1004 2357 1067 scri-

324 1094 500 1179 bam,
555 1092 864 1177 quicquid
917 1093 1250 1177 voluisset,
1308 1113 1454 1156 cum
1507 1092 1577 1155 id
1619 1092 1783 1156 mihi
1828 1113 1909 1156 ne
1955 1092 2355 1157 recitavisset

326 1182 611 1265 quidem,
671 1181 1020 1265 rettulisse,
1071 1180 1475 1265 prudentiae,
1529 1181 1579 1265 †
1613 1202 1761 1244 cum
1804 1202 1941 1244 rem
1986 1203 2025 1244 a
2068 1202 2171 1243 me
2215 1201 2352 1243 non
2382 1200 2436 1239 10

324 1269 704 1353 insipienter
747 1269 1176 1355 excogitatam
1221 1268 1482 1352 quidem
1524 1272 1730 1353 putas.
1810 1267 1982 1333 Nam
2018 1272 2083 1331 et
2118 1267 2354 1331 Volusi

323 1356 644 1420 liberandi
685 1377 902 1421 meum
946 1357 1072 1420 fuit
1118 1356 1476 1440 consilium,
1524 1361 1614 1441 et,
1660 1360 1734 1420 ut
1776 1356 1984 1420 multa
2027 1360 2163 1419 tam
2207 1378 2355 1442 gra—

326 1445 424 1508 vis
477 1444 839 1509 Valerianis
895 1444 1241 1530 praedibus
1300 1444 1551 1528 ipsique
1609 1443 1681 1508 ¹1¹.
1740 1442 1949 1508 Mario
2010 1444 2355 1529 depellere-

326 1536 464 1617 tur,
525 1555 562 1595 a
613 1553 718 1596 me
771 1532 933 1597 inita
985 1533 1152 1597 ratio
1207 1536 1330 1619 est3
1390 1554 1582 1616 quam
1638 1532 1897 1616 quidem
1954 1553 2174 1596 omnes
2218 1554 2353 1596 non

327 1621 537 1684 solum
581 1621 884 1705 probant,
939 1621 1053 1684 sed
1097 1620 1294 1685 etiam
1336 1620 1626 1704 laudant,
1674 1624 1763 1704 et,
1818 1620 1875 1684 si
1918 1640 2143 1685 verum
2188 1620 2351 1684 scire
2382 1638 2435 1678 1⁵

325 1709 453 1792 vis,
511 1709 637 1773 hoc
693 1710 808 1772 uni
867 1709 1112 1772 scribae
1169 1730 1315 1772 meo
1370 1708 1661 1773 intellexi
1713 1730 1846 1772 non
1898 1708 2173 1772 nimium
2216 1708 2351 1791 pla-

328 1818 483 1860 cere.
578 1795 705 1861 Sed
761 1819 883 1883 ego
940 1796 1165 1881 putavi
1228 1818 1363 1861 esse
1422 1797 1548 1860 viri
1609 1796 1797 1881 boni,
1862 1817 2008 1860 cum
2071 1796 2353 1879 populus

326 1906 512 1948 suum
558 1888 857 1970 servaret,
902 1884 1230 1949 consulere
1267 1884 1547 1949 fortunis
1580 1887 1682 1948 tot
1717 1884 1821 1949 vel
1857 1884 2210 1949 amicorum
2246 1885 2353 1949 vel

326 1994 579 2037 cunum.

257 2078 288 2125 5
457 2060 630 2126 Nam
686 2061 761 2125 de
806 2062 854 2144 †
896 2060 1169 2124 Lucceio
1223 2064 1323 2123 est
1367 2060 1461 2123 ita
1504 2063 1745 2143 actum,
1805 2064 1878 2123 ut
1923 2064 2185 2123 auctore
2234 2044 2389 2123 ΟΠ)
2377 2078 2433 2118 20

324 2147 634 2232 Pompeio
671 2149 795 2213 ista
827 2149 1098 2233 pecunia
1124 2148 1194 2211 in
1220 2149 1373 2212 fano
1409 2110 1769 2231 poneretui.
1815 2146 1893 2211 Id
1920 2169 2041 2234 ego
2070 2147 2351 2233 adgnovi

325 2257 470 2300 meo
529 2237 708 2300 iussu
765 2258 903 2301 esse
960 2237 1218 2300 factum
1324 2235 1465 2312 Qua
1520 2236 1790 2319 pecunia
1846 2235 2193 2319 Pompeius
2253 2239 2352 2299 est

327 2345 480 2388 usus
534 2328 608 2388 ut
661 2346 761 2409 ea,
821 2346 1014 2408 quam
1067 2328 1141 2387 tu
1197 2325 1604 2408 deposueras,
1660 2322 1922 2388 Sestius.
2014 2322 2143 2389 Sed
2193 2324 2355 2388 haec

329 2412 412 2475 ad
455 2414 520 2475 te
564 2412 731 2475 nihil
773 2412 1081 2498 intellego
1126 2412 1477 2497 pertinere3
1536 2412 1698 2476 illud
1742 2434 1846 2477 me
1891 2433 2024 2476 non
2068 2412 2353 2475 animad-

326 2499 594 2563 vertisse
637 2500 906 2565 moleste
952 2502 1203 2584 ferrem,
1249 2504 1324 2563 ut
1369 2500 1797 2564 adscriberem
1838 2504 1905 2564 te
1949 2500 2020 2564 in
2054 2500 2206 2564 fano
2242 2520 2351 2583 pe—
2380 2516 2432 2556 2⁵

327 2587 582 2651 cuniam
640 2588 818 2652 iussu
869 2610 1017 2653 meo
1072 2588 1464 2673 deposuisse,
1522 2588 1649 2651 nisi
1704 2589 1829 2652 ista
1884 2588 2155 2673 pecunia
2204 2610 2353 2674 gra-

325 2675 606 2740 vissimis
663 2680 829 2741 esset
888 2676 1385 2760 certissimisque
1441 2676 1858 2740 monimentis
1916 2679 2181 2760 testata,
2246 2676 2352 2740 cui

329 2764 500 2849 data,
559 2785 688 2848 quo
733 2768 990 2828 senatus
1035 2766 1355 2848 consulte,
1415 2764 1651 2847 quibus
1696 2764 1853 2849 tuis,
1908 2764 2145 2848 quibus
2188 2764 2353 2829 meis

324 2851 561 2916 litteris
605 2851 675 2916 P.
724 2850 934 2916 Sestio
978 2852 1217 2916 tradita
1262 2855 1444 2916 esset.
1536 2852 1713 2929 Quae
1748 2874 1895 2938 cum
1928 2853 2215 2917 viderem
2250 2856 2353 2917 tot

324 2939 617 3026 vestigiis
661 2941 964 3024 inpressa,
1009 2943 1083 3003 ut
1127 2940 1196 3004 in
1241 2940 1322 3003 iis
1369 2940 1569 3004 errari
1613 2962 1746 3004 non
1788 2944 2023 3025 posset,
2068 2962 2201 3005 non
2242 2941 2350 3004 ad·-
2378 2956 2433 2996 ³⁰

326 3028 553 3112 scripsi
586 3028 671 3112 id,
717 3028 891 3112 quod
925 3032 1040 3091 tua
1073 3028 1240 3091 nihil
1276 3028 1619 3113 referebat3
1666 3048 1785 3114 ego
1822 3032 2039 3092 tamen
2075 3028 2354 3113 adscrip-

257 3132 288 3179 6
326 3115 483 3179 sisse
536 3116 819 3200 mallem,
875 3115 1180 3200 quoniam
1234 3115 1303 3179 id
1356 3119 1423 3179 te
1468 3116 1655 3180 video
1704 3116 2077 3181 desiderare.
2169 3114 2354 3181 Sicut

323 3312 448 3373 que
501 3290 570 3353 in
628 3312 705 3355 eo
764 3292 1107 3393 quicquam
1161 3314 1199 3354 a
1255 3291 1418 3355 meis
1478 3292 1838 3357 rationibus
1896 3292 2354 3376 discrepabunt

321 3380 496 3462 tuae;
555 3378 746 3443 addes
801 3380 972 3443 enim
1016 3383 1116 3444 tu.
1175 3401 1321 3443 meo
1366 3380 1571 3464 iussu,
1630 3381 1806 3465 quod
1852 3402 1998 3482 ego,
2060 3381 2173 3465 qui
2217 3403 2353 3445 non
2380 3394 2433 3436 ³⁵

323 3464 566 3548 addidi,
625 3486 744 3530 nec
797 3488 984 3531 causa
1037 3470 1135 3530 est
1189 3488 1305 3531 cur
1349 3488 1581 3553 negem
1624 3490 1767 3552 nec,
1828 3469 1885 3531 si
1930 3490 2120 3533 causa
2166 3473 2353 3554 esset,

321 3555 386 3614 et
422 3555 496 3614 tu
530 3554 753 3638 nolleS,
798 3576 1117 3640 negarem.
