2567 3884
293 115 377 180 88
1048 110 1562 166 EPISTULARUM

221 277 256 325 3
296 257 487 323 debet
523 259 716 340 atque
754 254 970 320 omnia
1004 255 1276 320 minoris
1313 254 1726 320 existimare?
1770 253 1863 320 At
1899 255 2077 321 illius
2106 255 2333 341 vicem,

296 346 505 430 cred0,
567 345 758 409 doles.
853 343 1167 419 Quotiens
1225 343 1296 407 in
1354 364 1496 407 eam
1557 343 2019 430 cogitationem
2075 366 2333 409 necesse

296 438 394 499 est
451 436 516 498 et
567 437 644 497 tu
697 432 950 497 veneris
1005 436 1071 496 et
1124 452 1244 495 nos
1292 453 1477 516 saepe
1524 431 1894 517 incidimus,
1951 432 2127 496 hisce
2171 435 2334 497 tem-

294 521 562 607 poribus
615 541 749 585 11011
792 519 1068 604 pessime
1114 540 1260 584 cum
1305 519 1387 583 iis
1432 540 1569 583 esse
1614 522 1854 604 actum,
1912 520 2147 603 quibus
2191 520 2332 584 sine

298 611 518 675 dolore
560 608 814 672 licitum
859 611 957 672 est
999 611 1278 671 mortem
1324 628 1470 671 cum
1513 607 1651 671 vita
1686 609 2103 673 commutare!
2160 607 2333 684 Quid
2388 623 2417 664 ⁵

298 702 514 763 autem
541 697 685 782 fuit,
725 697 899 780 quod
924 696 1104 759 illam
1129 695 1256 760 hoc
1280 699 1571 779 tempore
1604 695 1686 759 ad
1711 696 2057 761 vivendum
2091 718 2333 797 magno

195 788 204 796 “
301 808 491 871 opere
527 785 804 850 invitare
837 783 1102 868 posset?
1148 805 1311 868 quae
1347 805 1467 867 res,
1514 805 1675 867 quae
1712 806 1873 869 spes,
1906 785 2096 885 quod
2130 785 2333 848 animi

299 873 654 940 solacium?
734 877 809 936 ut
874 894 1019 936 cum
1079 872 1298 956 aliquo
1363 871 1765 936 adulescente
1819 873 2128 956 primario
2184 894 2335 937 con-

299 964 520 1027 iuncta
564 964 840 1025 aetatem
884 961 1180 1046 gereret?
1269 959 1552 1024 Licitum
1598 964 1696 1024 est
1738 960 1893 1045 tibi,
1942 960 2129 1024 credo
2137 1011 2156 1044 ,
2209 982 2333 1061 pro

299 1055 413 1115 tua
460 1048 776 1135 dignitate
812 1069 891 1112 ex
925 1047 1048 1112 hac
1091 1048 1425 1112 iuventute
1459 1069 1768 1148 generum
1806 1011 2102 1135 deligere,
2149 1049 2332 1112 cuius
2360 1066 2415 1105 10

300 1138 453 1203 fidei
497 1138 738 1201 liberos
791 1140 939 1200 tuos
984 1141 1050 1200 te
1095 1139 1239 1200 tuto
1292 1135 1696 1200 committere
1739 1140 2016 1220 putares.
2104 1134 2212 1199 An
2258 1140 2333 1200 ut

303 1249 376 1290 88
417 1225 660 1289 liberos
707 1246 786 1289 ex
830 1245 967 1288 8888
1011 1227 1283 1308 pareret,
1331 1245 1493 1308 quos
1539 1245 1685 1288 cum
1728 1224 2020 1289 florentis
2064 1224 2332 1309 videret,

301 1315 678 1396 laetaretur,
744 1312 858 1396 qui
916 1333 1052 1376 rem
1098 1334 1136 1375 a
1177 1315 1444 1397 parente
1488 1311 1795 1376 traditam
1838 1334 1957 1397 per
1999 1333 2067 1376 88
2111 1315 2334 1376 1811818

300 1405 588 1486 possent,
642 1401 920 1464 honores
978 1400 1325 1464 ordinatim
1377 1399 1648 1484 petituri
1701 1405 1912 1464 essent
1973 1399 2041 1463 in
2095 1422 2166 1464 re
2216 1423 2335 1484 pu-

302 1490 472 1554 blica
534 1489 603 1552 in
657 1487 1011 1552 amicorum
1063 1488 1346 1574 negotiis
1406 1487 1707 1552 libertate
1760 1509 1876 1552 sua
1936 1488 2079 1552 usi‘?
2162 1487 2336 1563 Quid
2362 1504 2415 1545 15

301 1578 536 1642 horum
571 1576 715 1660 fuit,
752 1577 926 1660 quod
959 1597 1110 1660 non,
1144 1576 1519 1660 priusquam
1557 1577 1778 1640 datum
1810 1579 1924 1659 est,
1960 1576 2335 1660 ademptum

304 1666 430 1730 sit?
475 1663 568 1730 At
611 1685 764 1730 vero
808 1664 1051 1728 malum
1097 1669 1193 1728 est
1227 1664 1469 1728 liberos
1505 1664 1815 1728 amittere.
1887 1663 2159 1750 Malum3
2202 1664 2333 1727 nisi

232 1772 267 1818 4
303 1754 429 1818 hoc
471 1753 654 1837 peius
701 1755 814 1836 est,
858 1752 1017 1816 haec
1061 1753 1327 1816 sufferre
1373 1755 1437 1816 et
1480 1753 1745 1836 perpeti.
1812 1752 1986 1828 Quae
2031 1773 2132 1816 res
2166 1752 2335 1816 mihi

302 1864 436 1906 non
470 1841 857 1906 mediocrem
894 1840 1398 1904 consolationem
1434 1841 1672 1924 attulit,
1708 1841 1857 1904 volo
1893 1839 2021 1903 tibi
2057 1860 2332 1904 comme-

303 1951 574 2015 morare,
619 1929 676 1993 si
720 1929 889 1993 forte
926 1929 1146 1992 eadem
1183 1950 1284 1993 res
1320 1928 1445 1992 tibi
1474 1928 1761 1992 dolorem
1787 1928 2078 1992 minuere
2105 1927 2329 2012 possit.
2360 1945 2415 1985 20

438 2017 542 2081 Ex
593 2016 752 2081 Asia
805 2016 1056 2080 rediens
1113 2037 1257 2081 cum
1315 2016 1395 2080 ab
1441 2015 1694 2102 Aegina
1734 2015 2066 2102 Megaram
2110 2037 2333 2080 versus

305 2107 693 2191 navigarem,
740 2104 921 2188 coepi
958 2103 1252 2190 regiones
1290 2104 1700 2168 circumcirca
1733 2103 2113 2188 prospicere.
2173 2102 2336 2168 Post

304 2215 408 2257 me
455 2197 593 2257 erat
635 2192 913 2278 Aegina,
959 2196 1108 2257 ante
1151 2214 1256 2256 me
1299 2191 1589 2279 Megara,
1646 2193 1871 2256 dextra
1914 2191 2204 2276 Piraeus,
2252 2192 2335 2256 si-

303 2280 509 2344 nistra
555 2279 922 2364 Corinthus,
969 2302 1130 2364 quae
1176 2279 1413 2364 oppida
1457 2279 1734 2364 quodam
1777 2284 2068 2364 tempore
2101 2280 2335 2344 floren-

304 2369 555 2432 tissima
607 2369 894 2452 fuerunt,
947 2389 1120 2432 nunc
1170 2371 1495 2452 prostrata
1548 2372 1613 2433 et
1659 2368 1871 2432 diruta
1916 2372 2064 2432 ante
2110 2368 2333 2432 oculos
2359 2383 2414 2424 2⁵

305 2457 530 2520 iacent.
625 2454 824 2539 Coepi
869 2461 1126 2541 egomet
1169 2477 1425 2520 mecum
1459 2456 1552 2520 sic
1588 2456 1901 2542 cogitare:
1949 2455 2166 2520 eHem!
2212 2477 2335 2520 nos

304 2542 680 2609 homunculi
738 2543 1180 2630 indignamur,
1239 2544 1295 2608 si
1359 2544 1503 2627 quis
1559 2547 1855 2608 nostrum
1913 2543 2161 2608 interiit
2221 2548 2335 2607 aut

307 2633 552 2698 occisus
599 2635 712 2715 est,
761 2653 1034 2714 quorum
1078 2631 1215 2696 vita
1259 2632 1519 2696 brevior
1562 2653 1698 2696 esse
1744 2630 1965 2717 debet,
2011 2653 2156 2695 cum
2201 2653 2334 2696 uno

303 2722 448 2786 loco
492 2723 596 2784 tot
641 2720 950 2803 oppidum
996 2719 1303 2784 cadavera
1344 2719 1631 2804 proiecta
1674 2720 1930 2785 iacent?
2012 2718 2213 2784 Visne
2260 2723 2335 2783 tu

304 2813 388 2894 te,
436 2807 650 2892 Servi,
697 2807 996 2872 cohibere
1042 2811 1106 2872 et
1149 2808 1518 2872 meminisse
1560 2808 1890 2872 hominem
1934 2811 1999 2871 te
2045 2829 2181 2871 esse
2224 2829 2334 2871 na·
2361 2825 2416 2864 30

304 2897 522 2962 tum?'
571 2894 773 2960 Crede
807 2895 988 2981 mihi,
1035 2895 1427 2982 cogitatione
1463 2918 1537 2960 ea
1579 2917 1711 2960 non
1746 2895 2155 2960 mediocriter
2190 2917 2335 2959 sum

307 2986 736 3049 confirmatus
818 2983 963 3048 Hoc
997 2983 1186 3068 idem,
1225 2984 1280 3047 si
1315 2983 1440 3047 tibi
1475 2984 1748 3070 videtur,
1792 2985 1895 3048 fac
1931 2987 2077 3047 ante
2114 2983 2335 3047 oculos

304 3073 431 3137 tibi
473 3094 811 3157 proponas
892 3071 1090 3136 Modo
1144 3093 1273 3136 uno
1319 3076 1609 3156 tempore
1662 3076 1765 3136 tot
1817 3071 1943 3138 viri
1998 3070 2337 3135 clarissimi

307 3160 707 3246 interierunt,
755 3160 832 3224 de
869 3160 1140 3243 imperio
1175 3159 1404 3243 populi
1438 3159 1718 3224 Romani
1752 3163 1934 3224 tanta
1980 3159 2335 3224 deminutio

305 3248 475 3311 facta
511 3252 625 3332 est,
664 3270 885 3312 omnes
921 3247 1289 3331 provinciae
1327 3251 1782 3331 conquassatae
1818 3250 1995 3332 sunt3
2040 3247 2109 3310 in
2144 3247 2337 3312 unius
2365 3262 2417 3304 36

305 3335 720 3400 mulierculae
766 3335 1050 3400 animula
1096 3335 1152 3398 si
1196 3335 1443 3398 iactura
1498 3336 1668 3399 facta
1722 3339 1845 3420 est,
1904 3338 2087 3400 tanto
2146 3356 2339 3420 opere

308 3423 773 3488 commoveris?
856 3422 1031 3500 Quae
1089 3423 1146 3486 si
1198 3423 1325 3487 hoc
1381 3426 1671 3506 tempore
1729 3445 1861 3488 11011
1917 3423 2086 3487 (118111
2150 3445 2341 3487 81111111
2395 3465 2400 3471 -
