2567 3884
974 200 1190 254 LIBER
1225 201 1355 255 VIII
1390 207 1441 270 4,
1480 206 1529 256 5.
2135 201 2267 266 207

243 344 398 408 item
445 344 524 407 de
569 344 933 429 pantheris,
988 348 1064 408 ut
1110 343 1448 409 Ciburatas
1494 366 1773 411 accersas
1819 366 2150 430 curesque,
2195 348 2269 409 ut

241 432 333 495 mi
374 431 723 517 vehantur3
777 436 1108 517 praeterea
1161 430 1528 519 (nuntiatur
1580 436 1747 499 enim
1797 432 1986 497 nobis
2032 437 2096 497 et
2148 455 2268 517 pro

244 524 416 584 certo
444 521 576 584 iam
611 520 894 585 habetur
919 542 1137 608 regem
1163 520 1673 585 Alexandrinum
1698 519 2076 608 mortuum),
2113 522 2271 605 quid

242 608 404 673 mihi
449 608 735 692 suadeas,
783 629 912 693 quo
955 609 1150 674 modo
1195 631 1467 695 regnum
1510 610 1674 674 illud
1717 631 1783 674 se
1826 609 2079 694 habeat,
2125 609 2269 693 quis

194 720 219 760 5
244 700 564 782 procuret,
613 696 958 783 diligenter
1000 697 1163 762 mihi
1207 697 1581 782 perscribas,
1653 698 1732 762 K.
1779 696 1951 762 Sext.

1213 924 1295 990 V.

630 1048 744 1104 Ser.
781 1047 988 1102 Romae
1023 1053 1150 1101 ante
1184 1046 1272 1100 Id.
1313 1047 1457 1101 Sext.
1493 1064 1546 1102 a.
1586 1050 1696 1101 703
1735 1050 1871 1116 (51).

879 1168 1178 1223 CAELIUS
1216 1167 1555 1223 CICERONI
1596 1168 1647 1225 S.

381 1312 522 1390 Qua
573 1317 648 1378 tu
704 1334 854 1377 cura
899 1313 1012 1396 sis,
1073 1312 1246 1396 quod
1300 1312 1381 1375 ad
1431 1333 1653 1396 pacem
1703 1313 2072 1413 provinciae
2118 1317 2267 1378 tuae
2308 1331 2335 1377 1

167 1425 219 1463 ιο
243 1402 795 1486 finitimarumque
851 1401 1189 1487 regionum
1243 1400 1501 1485 attinet,
1545 1401 1787 1486 nesci03
1842 1423 1961 1488 ego
2009 1401 2267 1486 quidem

243 1491 660 1556 vehementer
694 1489 891 1553 animi
926 1489 1188 1572 pendeo
1247 1487 1437 1572 Nam,
1482 1488 1539 1552 si
1573 1487 1699 1552 hoc
1732 1490 1926 1553 modo
1962 1511 2098 1554 rem
2133 1512 2268 1554 mo-

248 1579 459 1643 derari
502 1599 850 1662 possemus,
895 1581 968 1640 ut
1011 1597 1130 1660 pro
1167 1575 1415 1640 viribus
1453 1577 1781 1660 copiarum
1817 1581 2073 1642 tuarum
2110 1579 2267 1643 belli

246 1687 504 1751 quoque
541 1667 844 1730 existeret
866 1665 1263 1750 magnitudo,
1302 1668 1383 1748 et,
1421 1668 1730 1748 quantum
1764 1665 2008 1751 gloriae
2043 1666 2269 1730 trium—

244 1755 506 1840 phoque
554 1775 712 1838 opus
758 1757 940 1838 esset,
985 1753 1506 1836 adsequeremur,
1550 1753 1971 1836 periculosam
2018 1758 2082 1818 et
2125 1777 2268 1840 gra-

168 1863 220 1903 15
246 1865 394 1907 vem
453 1842 633 1905 illam
693 1841 1168 1905 dimicationem
1227 1841 1635 1924 evitaremus,
1692 1841 1859 1905 nihil
1915 1845 2047 1905 tam
2103 1846 2268 1906 esset

250 1930 631 2015 optandum3
683 1950 879 2014 nunc,
935 1929 989 1993 si
1032 1927 1311 1992 Parthus
1364 1933 1581 1993 movet
1627 1928 1896 2013 aliquid,
1950 1930 2081 1992 scio
2134 1951 2268 1994 non

247 2019 639 2083 mediocrem
674 2019 813 2082 fore
852 2017 1353 2100 contentionem3
1399 2020 1549 2080 tuus
1583 2038 1778 2100 porro
1815 2017 2129 2081 exercitus
2156 2018 2268 2081 vix

249 2129 451 2171 unum
506 2106 740 2170 saltum
793 2105 962 2169 tueri
1017 2108 1248 2189 potest.
1339 2103 1524 2168 Hanc
1582 2107 1795 2169 autem
1847 2126 2035 2169 nemo
2092 2106 2267 2169 ducit

249 2195 598 2279 rationem,
643 2194 755 2259 sed
801 2194 1014 2258 omnia
1061 2192 1501 2257 desiderantur
1544 2193 1623 2259 ab
1663 2215 1756 2277 eo,
1800 2196 2128 2278 tamquam
2172 2195 2267 2258 ni-

167 2305 223 2344 26
248 2283 346 2347 1111
407 2283 790 2370 denegatum
844 2282 929 2345 sit
983 2303 1069 2366 61,
1128 2303 1257 2365 quo
1314 2281 1527 2364 minus
1582 2303 1773 2365 quam
1826 2282 2266 2366 paratissimus

251 2376 435 2456 esset,
482 2372 592 2455 qui
627 2370 886 2471 publico
923 2370 1186 2456 negotio
1222 2369 1623 2453 praepositus
1660 2373 1771 2434 est.
1821 2369 2088 2434 Accedit
2120 2371 2266 2456 huc,
2302 2387 2337 2436 2

249 2459 426 2544 (1116(1
469 2458 933 2523 successionem
982 2459 1265 2522 futuram
1310 2461 1574 2542 propter
1622 2456 1972 2524 Galliarum
2020 2463 2269 2524 contro-

249 2548 526 2613 versiam
580 2569 712 2612 non
755 2547 960 2611 video.
1050 2545 1332 2610 Tametsi
1384 2545 1507 2609 hac
1560 2546 1636 2609 de
1681 2568 1750 2611 re
1807 2551 1966 2631 puto
2012 2551 2078 2612 te
2124 2569 2269 2612 con-

250 2637 572 2720 stitutum,
618 2635 777 2719 quid
820 2635 1105 2698 facturus
1150 2656 1335 2717 esses,
1378 2633 1643 2718 habere,
1688 2638 1920 2719 tamen,
1968 2657 2095 2719 quo
2138 2658 2269 2699 ma-

169 2732 222 2784 26
251 2724 464 2789 turius
527 2724 946 2788 constitueres
959 2773 976 2806 ,
1041 2743 1185 2786 cum
1246 2722 1421 2785 hunc
1478 2726 1776 2787 eventum
1832 2722 2267 2807 providebam,

249 2813 462 2877 visum
509 2816 621 2897 est,
665 2815 740 2875 ut
783 2815 849 2874 te
894 2811 1167 2874 facerem
1217 2810 1571 2874 certiorem.
1658 2810 1853 2875 Nosti
1897 2811 2067 2875 enim
2111 2810 2269 2875 haec

247 2900 597 2965 tralaticia:
645 2899 722 2963 de
771 2897 996 2962 Galliis
1043 2899 1491 2983 constituetur;
1538 2899 1687 2983 erit,
1733 2899 1845 2982 qui
1889 2899 2269 2984 intercedat3

252 2989 480 3054 deinde
517 2987 680 3052 alius
725 2987 974 3072 existet,
1019 2987 1148 3071 qui,
1192 2987 1321 3051 nisi
1365 2986 1567 3050 libere
1612 2987 1801 3050 liceat
1847 2987 1923 3050 de
1970 2987 2269 3138 omniffs

249 3076 602 3161 provinciis
668 3077 1002 3140 decernere
1065 3076 1344 3159 senatui,
1417 3074 1694 3158 reliquas
1756 3074 2056 3158 inpediat.
2210 3096 2271 3152 16

167 3186 222 3224 so
249 3166 530 3229 multum
559 3185 633 3228 ac
659 3163 769 3228 diu
809 3163 1082 3248 ludetur,
1119 3167 1311 3248 atque
1346 3163 1440 3226 ita
1476 3163 1603 3247 diu,
1648 3165 1722 3225 ut
1755 3162 1901 3246 plus
1935 3163 2268 3226 biennium

251 3254 320 3318 in
361 3253 468 3318 his
512 3253 693 3317 tricis
737 3255 1039 3316 moretur.

388 3340 459 3406 Si
515 3340 669 3426 quid
726 3339 881 3404 novi
935 3340 1013 3404 (16
1065 3361 1134 3403 16
1178 3363 1237 3423 p.
1285 3340 1460 3423 quod
1502 3338 1626 3402 tibi
1681 3337 2024 3403 scriberem
2077 3338 2269 3403 habe·
2305 3355 2339 3403 3

249 3453 415 3514 rem,
472 3449 628 3494 usus
681 3449 883 3493 essem
935 3450 1078 3492 mea
1131 3427 1613 3511 consuetudine,
1672 3430 1745 3490 ut
1792 3427 2158 3513 diligenter,
2205 3431 2269 3492 et

249 3519 409 3603 quid
467 3521 680 3582 actum
739 3519 932 3601 esset,
993 3519 1057 3580 et
1112 3516 1268 3600 quid
1324 3537 1402 3579 ex
1457 3536 1531 3579 eo
1586 3515 1877 3579 futurum
1931 3537 2269 3600 sperarem,
