2567 3884
916 170 1134 224 LIBER
1171 170 1250 224 VI
1289 175 1515 225 12—14.
2119 168 2247 231 161

207 312 587 398 pationibus
633 314 790 397 01118,
833 336 874 377 a
918 335 1046 397 quo
1094 313 1311 378 omnia
1345 316 1670 397 petuntur,
1716 311 1929 375 aditus
1975 312 2057 376 ad
2102 333 2251 376 eum

213 402 617 465 difficiliores
671 403 960 487 fuerunt,
1017 402 1100 466 et'
1126 402 1321 467 simul
1363 400 1707 465 Africanae
1752 422 1976 465 causae
2020 400 2251 464 iratior

215 489 464 554 diutius
506 490 672 554 velle
715 490 973 555 videtur
1017 511 1125 554 eos
1169 491 1407 555 habere
1452 489 1781 573 sollicitOS,
1827 510 1865 551 a
1896 487 2145 571 'quibus
2181 510 2249 552 se

213 581 407 662 putat
461 578 974 643 diuturnioribus
1027 600 1162 643 esse
1215 577 1531 643 molestiis
1576 576 2029 641 conflictatum.
2122 574 2251 640 Sed

162 684 190 725 5
217 668 347 731 hoc
391 666 605 750 ipsum
659 666 1097 753 intellegimus
1143 689 1291 732 eum
1337 666 1572 730 cotidie
1615 664 1944 730 remissius
1999 667 2065 728 et
2116 663 2251 747 pla-

218 754 426 818 catius
479 755 663 819 ferre.
755 754 963 830 Quare
1021 755 1185 819 mihi
1244 755 1429 819 crede
1488 758 1553 819 et
1610 753 1957 818 memoriae
2017 752 2251 816 m'anda

215 865 324 908 me
368 841 495 906 tibi
538 843 608 906 id
651 844 1022 927 affirmasse,
1066 846 1132 907 te
1176 843 1247 906 in
1292 843 1434 906 istis
1478 842 1793 906 molestiis
1839 841 2083 906 diutius
2117 861 2250 904 non

217 932 532 995 futurum.

357 1017 702 1103 Quoniam,
749 1018 906 1103 quid
959 1019 1289 1102 sentirem,
1346 1017 1639 1103 exposui,
1695 1017 1852 1102 quid
1895 1016 2093 1082 velim
2137 1020 2251 1081 tua
2287 1033 2323 1082 4

135 1127 188 1167 10
218 1127 438 1190 causa,
483 1130 553 1171 re
595 1107 814 1191 potius
861 1107 1195 1171 declarabo
1242 1129 1437 1191 quam
1482 1107 1787 1172 oratione.
1880 1105 1951 1170 Si
1996 1108 2251 1169 tantum

217 1216 507 1281 possem,
563 1197 876 1296 quantum
930 1196 1001 1259 in
1053 1218 1128 1259 ea
1173 1217 1242 1259 re
1285 1218 1347 1279 p.
1335 1246 1375 1280 .,
1436 1195 1512 1259 de
1567 1217 1694 1279 qua
1737 1196 1831 1259 ita
1875 1216 2020 1259 sum
2062 1193 2253 1257 meri-

217 1288 346 1384 tuS,
393 1286 467 1346 ut
510 1287 583 1347 tu
629 1283 974 1368 existimas,
1023 1306 1210 1367 posse
1257 1283 1587 1383 debebam,
1630 1305 1711 1347 ne
1756 1286 1831 1347 tu
1877 1282 2138 1367 quidem
2181 1282 2252 1345 in

218 1334 367 1436 istis
421 1371 845 1437 incommodis
899 1394 1093 1458 esses;
1152 1373 1373 1436 eadem
1429 1372 1601 1435 enim
1647 1392 1835 1435 causa
1880 1392 2033 1455 opes
2076 1392 2251 1435 meas

218 1459 452 1546 fregit,
499 1481 661 1543 quae
705 1463 885 1524 tuam
929 1461 1204 1525 salutem
1247 1460 1317 1524 in
1365 1460 1705 1524 discrimen
1749 1459 2033 1523 adduxit.
2126 1457 2254 1524 Sed

143 1566 194 1606 15
222 1552 470 1632 tamen,
526 1548 834 1632 quicquid
884 1549 1102 1635 imago
1147 1548 1383 1613 veteris
1435 1569 1613 1612 meae
1662 1548 2022 1634 dignitatis,
2079 1547 2253 1631 quic—

223 1636 385 1721 quid
446 1636 754 1721 reliquiae
816 1638 1063 1723 gratiae
1120 1637 1453 1721 valebunt,
1518 1636 1828 1721 studium,
1892 1636 2251 1720 consilium,

224 1745 440 1809 opera,
485 1725 712 1809 gratia,
757 1726 916 1789 fides
959 1747 1103 1789 mea
1147 1725 1327 1789 nullo
1373 1726 1516 1789 loco
1564 1725 1765 1789 deerit
1809 1724 1942 1788 tuis
1989 1724 2252 1808 optimis

219 1812 551 1877 fratribus.
642 1812 742 1877 Tu
785 1814 888 1877 fac
928 1814 1168 1878 habeas
1211 1815 1449 1877 fortem
1494 1813 1806 1897 animum,
1854 1834 2046 1896 quem
2091 1834 2252 1875 sem-
2290 1829 2320 1875 5

222 1923 341 1987 per
403 1900 722 1986 habuisti,
794 1902 1078 1985 primum
1142 1903 1225 1967 ob
1292 1923 1397 1966 eas
1461 1922 1710 1985 causas,
1784 1922 1943 1984 quas
2007 1900 2251 1984 scripsi,

143 2008 196 2047 20
225 1988 456 2053 deinde
502 1988 677 2073 quod
721 2011 796 2053 ea
831 1991 903 2055 de
939 2012 1008 2054 re
1047 2013 1108 2073 p.
1147 2012 1399 2072 semper
1430 1990 1695 2053 voluisti
1742 1993 1934 2072 atque
1980 1988 2253 2071 sensisti,

221 2081 299 2141 ut
342 2098 477 2141 non
520 2077 713 2141 modo
760 2100 932 2142 nunc
975 2079 1250 2142 secunda
1296 2100 1550 2162 sperare
1597 2077 1843 2161 debeas,
1891 2076 2003 2141 sed
2040 2076 2253 2161 etiam,

220 2166 279 2229 si
318 2164 537 2230 omnia
573 2165 835 2231 adversa
871 2170 1097 2251 essent,
1141 2171 1360 2231 tamen
1395 2166 1783 2230 conscientia
1828 2169 1892 2228 et
1936 2164 2254 2229 factorum

221 2257 291 2318 et
337 2254 754 2317 consiliorum
797 2259 1084 2339 tuorum,
1130 2276 1567 2339 quaecumque
1612 2254 1995 2339 acciderent,
2040 2252 2255 2317 fortis-

223 2342 392 2407 simo
439 2346 505 2407 et
550 2342 832 2407 maximo
879 2343 1093 2407 animo
1139 2344 1306 2407 ferre
1353 2343 1631 2407 deberes,

139 2589 194 2629 25
1157 2568 1333 2635 XIV.

385 2690 500 2746 Ser.
538 2690 747 2746 Romae
783 2709 835 2746 a.
876 2692 929 2745 d.
979 2692 1035 2747 V
1063 2692 1136 2745 K.
1173 2692 1420 2746 intercal.
1452 2693 1669 2761 priores
1714 2710 1767 2748 a.
1809 2696 1923 2747 708
1962 2694 2102 2761 (46).

939 2813 1195 2868 CICERO
1233 2812 1548 2869 LIGARIO.

361 2955 469 3021 Me
522 2956 684 3021 scito
732 2977 987 3021 omnem
1040 2979 1255 3021 meum
1298 2956 1614 3042 laborem,
1670 2978 1925 3022 omnem
1974 2978 2252 3042 operam,
2297 2974 2324 3021 1

229 3066 476 3129 curam,
536 3046 822 3109 studium
875 3045 945 3108 in
998 3049 1112 3109 tua
1165 3046 1370 3109 salute
1417 3066 1805 3109 consumere.
1895 3044 2067 3108 Nam
2114 3066 2260 3109 cum

147 3152 202 3191 30
229 3136 296 3197 te
351 3156 602 3217 semper
645 3132 924 3197 maxime
971 3133 1192 3217 dilexi,
1247 3137 1388 3198 tum
1434 3134 1709 3197 fratrum
1752 3136 2040 3217 tuorum,
2097 3154 2257 3216 quos

229 3243 430 3305 aeque
489 3225 680 3305 atque
739 3224 804 3285 te
863 3242 1113 3285 summa
1169 3221 1607 3285 benivolentia
1665 3241 1807 3283 sum
1868 3220 2258 3305 complexus„

229 3309 574 3396 singularis
618 3310 825 3393 pietas
871 3331 1176 3394 amorque
1222 3310 1543 3373 fraternus
1583 3307 1835 3373 nullum
1869 3329 1973 3371 me
2009 3309 2259 3392 patitur

231 3397 431 3462 officii
490 3419 560 3461 er
606 3420 644 3461 a
700 3401 765 3461 te
825 3397 1148 3481 studiique
1205 3420 1439 3461 munus
1498 3401 1610 3461 aut
1666 3400 1921 3479 tempus
1978 3401 2259 3480 praeter-

226 3486 502 3550 mittere.
559 3421 712 3571 {ess
750 3507 912 3569 quae
938 3486 1168 3551 faciam
1197 3486 1583 3569 fecerimque
1611 3505 1730 3570 pro
1757 3488 1840 3569 te,
1878 3505 1958 3548 ex
1994 3486 2257 3549 illorum

341 3599 574 3639 Ciceroni·
604 3600 735 3647 epist.
1871 3591 1935 3639 11
