2567 3884
290 178 421 241 466
1050 177 1565 231 EPISTULARUM

289 343 417 405 quo
464 321 656 386 modo
704 320 1148 385 crudelitatem
1193 321 1502 384 virtutem
1546 324 1757 405 putet3
1817 320 1940 383 scis
1949 370 1966 402 ,
2014 340 2208 402 quam
2252 340 2326 382 se

289 432 540 493 semper
584 433 623 472 a
666 409 855 473 nobis
903 409 1184 473 derisum
1229 412 1440 493 putet3
1496 430 1746 492 vereor,
1791 430 1873 471 ne
1919 427 2036 470 nos
2084 406 2324 470 rustice

287 498 505 584 gladio
551 497 709 561 velit
756 497 1317 582 ἀντιμυκτηρίσαι.
1412 496 1581 571 Quid
1634 497 1774 579 fiat,
1830 496 1885 559 si
1930 517 2035 558 me
2083 494 2324 581 diligis,

288 586 582 650 rescribe.
673 585 835 669 Hui,
882 608 1075 669 quam
1120 585 1318 649 velim
1363 585 1550 668 scire,
1605 588 1824 648 utrum
1869 584 1994 646 ista
2039 583 2324 646 sollicito

288 675 503 738 animo
565 697 646 737 an
706 674 918 737 soluto
977 674 1179 759 legas!
1246 674 1444 737 sciam
1498 673 1668 736 enim
1729 672 1952 735 eodem
2011 675 2324 755 tempore,

289 762 446 845 quid
480 784 582 825 me
619 762 827 826 facere
866 764 1176 845 oporteat.
1249 760 1351 825 Ne
1395 761 1654 847 longior
1692 761 1832 843 sim,
1876 759 2034 843 vale,
2079 781 2205 843 me,
2249 763 2327 822 ut

287 850 463 934 faciS,
509 872 667 913 ama.
761 848 831 913 Si
881 848 1113 913 Caesar
1156 849 1339 932 vicit,
1387 849 1680 913 celeriter
1724 869 1827 911 me
1874 851 2192 930 exspecta.

1236 1076 1377 1141 XX.

779 1198 894 1253 Ser.
936 1198 1143 1252 Romae
1171 1199 1349 1266 paulo
1376 1203 1504 1265 post
1539 1214 1619 1266 ep.
1659 1198 1831 1250 XXI.

758 1321 832 1377 M.
873 1319 1127 1374 CICERO
1168 1320 1219 1375 S.
1258 1320 1325 1374 D.
1367 1318 1422 1374 C.
1463 1318 1850 1373 TREBONIO.

423 1462 809 1528 ‘Oratorem'
863 1486 1079 1528 meum
1136 1462 1258 1550 (sic
1313 1464 1483 1527 enim
1532 1461 1858 1550 inscripsi)
1919 1462 2164 1527 Sabino
2209 1468 2324 1528 tuo

290 1552 748 1616 commendavi.
839 1551 1039 1616 Natio
1093 1574 1197 1615 me
1250 1552 1534 1615 hominis
1581 1552 1867 1635 impulit,
1923 1556 1996 1615 ut
2043 1552 2104 1615 ei
2152 1557 2325 1617 recte

288 1646 610 1725 putarem3
668 1640 795 1703 nisi
848 1640 1017 1704 forte
1074 1639 1560 1703 candidatorum
1604 1639 1866 1704 licentia
1910 1640 2018 1703 hic
2065 1662 2326 1724 quoque

289 1751 442 1792 usus
485 1729 612 1792 hoc
656 1728 874 1792 subito
911 1750 1267 1814 cognomen
1307 1728 1606 1812 arripuit3
1653 1727 1774 1790 etsi
1818 1728 2150 1792 modestus
2188 1729 2327 1793 eius

293 1818 506 1881 vultus
560 1837 897 1900 sermoque
953 1820 1249 1880 constans
1303 1816 1542 1879 habere
1598 1816 1903 1898 quiddam
1957 1837 1996 1879 a
2043 1815 2328 1880 Curibus

288 1905 642 1969 videbatur.
737 1903 865 1968 Sed
910 1905 986 1967 de
1034 1903 1274 1968 Sabino
1323 1904 1494 1968 satis,

423 1994 548 2077 Tu,
602 1993 694 2056 mi
740 1992 1047 2075 Treboni,
1104 1992 1410 2075 quoniam
1466 1992 1546 2055 ad
1599 2013 1884 2055 amorem
1937 2013 2156 2056 meum
2213 1992 2330 2056 ali-

292 2086 604 2165 quantum
652 2081 778 2144 olei
816 2081 1143 2144 discedens
1180 2080 1503 2164 addidisti,
1549 2100 1677 2162 quo
1713 2080 2119 2143 tolerabilius
2164 2081 2329 2144 fera-

290 2190 434 2232 mus
493 2168 850 2255 igniculum
911 2167 1208 2231 desiderii
1263 2168 1388 2251 tui,
1454 2167 1694 2232 crebris
1747 2190 1866 2231 nos
1923 2168 2164 2232 litteris
2220 2192 2330 2253 ap-

290 2256 557 2339 pellat0,
616 2260 809 2339 atque
863 2256 980 2340 ita,
1034 2256 1091 2319 si
1145 2256 1317 2319 idem
1371 2257 1484 2319 fiet
1539 2278 1576 2317 a
1619 2255 1825 2319 nobis
1918 2255 2327 2339 Quamquam

292 2344 454 2406 duae
492 2364 715 2407 causae
752 2347 920 2426 sunt,
966 2364 1080 2407 cur
1114 2347 1187 2406 tu
1223 2344 1625 2427 frequentior
1660 2344 1728 2408 in
1764 2344 1891 2407 isto
1931 2343 2150 2407 officio
2190 2366 2328 2409 esse

294 2430 525 2495 debeas
580 2452 773 2513 quam
826 2453 945 2494 nos
953 2482 971 2515 ,
1033 2432 1318 2515 primum
1377 2431 1550 2515 quod
1610 2432 1766 2495 olim
1825 2432 2146 2516 solebant,
2214 2432 2330 2516 qui

290 2518 535 2583 Romae
582 2522 780 2602 erant,
827 2518 908 2582 ad
950 2519 1365 2602 provincialis
1411 2520 1650 2583 amicos
1690 2519 1765 2583 de
1811 2542 1881 2583 re
1924 2543 1984 2603 p.
2025 2521 2329 2604 scribere,

290 2628 463 2670 nunc
516 2611 589 2670 tu
635 2606 823 2670 nobis
879 2607 1121 2671 scribas
1168 2611 1424 2691 oportet
1471 2606 1600 2693 (res
1647 2608 1820 2671 enim
1869 2608 2133 2691 publica
2178 2609 2330 2673 istic

246 2770 259 2781 ,
293 2693 446 2782 est);
511 2694 738 2758 deinde
794 2695 967 2777 quod
1020 2717 1138 2759 nos
1192 2696 1338 2759 aliis
1393 2696 1626 2759 officiis
1678 2696 1804 2759 tibi
1859 2695 2113 2760 absenti
2167 2698 2326 2760 satis
2357 2719 2381 2755 2

292 2785 501 2847 facere
544 2803 884 2866 possumus
894 2834 911 2866 ,
970 2787 1043 2846 tu
1087 2783 1277 2846 nobis
1323 2784 1450 2847 nisi
1503 2784 1740 2847 litteris
1784 2805 1917 2847 non
1961 2784 2153 2848 video
2201 2806 2331 2868 qua

293 2894 363 2935 re
409 2871 535 2934 alia
579 2870 735 2934 satis
780 2872 987 2934 facere
1032 2871 1256 2953 possis
1352 2870 1478 2935 Sed
1524 2876 1734 2935 cetera
1789 2872 2028 2936 scribes
2075 2872 2158 2935 ad
2207 2894 2328 2936 nos

292 2964 541 3044 postea3
599 2980 772 3022 nunc
813 2959 972 3022 haec
1016 2959 1227 3041 primo
1276 2960 1466 3043 cupio
1513 2980 1922 3045 cognoscere,
1969 2960 2095 3023 iter
2138 2964 2330 3025 tuum

294 3047 475 3110 cuius
511 3047 689 3110 modi
726 3046 828 3129 sit,
875 3046 989 3109 ubi
1026 3046 1304 3111 Brutum
1341 3051 1635 3112 nostrum
1673 3047 1928 3131 videriS,
1974 3070 2169 3131 quam
2217 3050 2328 3112 diu

294 3135 487 3198 simul
514 3134 739 3218 fueris3
787 3134 1031 3218 deinde,
1070 3156 1214 3197 cum
1240 3135 1627 3219 processeris
1655 3136 1932 3222 longius,
1970 3137 2048 3199 de
2077 3136 2328 3201 bellicis

294 3223 516 3304 rebUS,
564 3222 640 3285 de
694 3226 836 3285 toto
890 3223 1186 3308 negotio,
1242 3227 1318 3286 ut
1373 3223 1738 3287 existimare
1784 3224 2137 3308 possimus,
2199 3246 2326 3309 quo

294 3313 467 3372 statu
513 3310 727 3373 simus,
822 3309 965 3395 Ego
1020 3314 1274 3374 tantum
1320 3333 1423 3375 me
1479 3312 1640 3375 scire
1685 3312 1956 3396 putabo,
2013 3318 2324 3395 quantum

295 3418 375 3459 ex
419 3397 549 3460 tuis
596 3397 831 3460 litteris
872 3397 1125 3462 habebo
1164 3399 1512 3484 cognitum.
1608 3398 1793 3484 Oura,
1840 3405 1914 3464 ut
1950 3400 2165 3465 valeas
2201 3423 2326 3465 me-

296 3504 419 3564 que
465 3505 637 3546 ames
684 3506 900 3549 amore
946 3485 1060 3549 illo
1106 3489 1220 3549 tuo
1267 3487 1595 3571 singulari.
1677 3482 1686 3491 ⁹

2325 1348 2409 1385 ,10

2357 1838 2409 1877 15

2357 2279 2410 2317 20
