2567 3884
984 196 1203 251 LIBER
1236 197 1262 249 1
1304 203 1352 267 1,
1389 202 1439 253 2.
2185 197 2228 263 3

202 359 493 403 amorem
555 339 655 403 tui
716 338 998 404 absentis
1060 344 1428 424 praesentes
1490 339 1588 403 tui
1653 343 2056 427 cognoscent.
2157 338 2230 406 Si

203 430 376 493 esset
417 427 487 491 in
532 427 613 491 iis
658 427 843 512 fides,
888 427 958 491 in
1004 428 1239 511 quibus
1284 433 1536 493 summa
1580 449 1716 493 esse
1763 427 2052 514 debebat,
2095 448 2229 493 non

200 514 663 581 laboraremus.

1178 670 1261 737 H.

144 798 172 838 ⁵
350 792 465 850 Ser.
504 793 713 849 Romae
756 811 808 848 a.
855 793 909 848 d.
949 792 1109 848 XVI
1138 792 1270 847 Kal.
1313 792 1654 849 Februarias
1697 812 1750 849 a.
1791 799 1904 850 698
1943 796 2086 862 (56).

465 916 551 972 M.
594 915 881 971 CICERO
916 914 970 971 S.
1008 914 1085 971 D.
1125 915 1191 971 P.
1228 914 1619 973 LENTULO
1656 916 1967 973 PROGOS.

337 1040 561 1107 Idibus
629 1039 946 1105 Ianuariis
1016 1041 1086 1105 in
1148 1044 1373 1107 senatu
1442 1041 1610 1109 nihil
1679 1046 1778 1109 est
1848 1042 2225 1126 confectum,
2267 1058 2294 1107 1

202 1134 547 1216 propterea
601 1130 775 1214 quod
827 1129 961 1194 dies
1013 1150 1249 1215 magna
1301 1152 1381 1194 ex
1432 1134 1615 1214 parte
1670 1133 2084 1214 consumptus
2129 1134 2228 1193 est

202 1219 620 1283 altercatione
662 1216 924 1282 Lentuli
968 1218 1246 1283 consulis
1291 1221 1357 1281 et
1404 1216 1632 1283 Canini
1674 1222 1756 1285 tr.
1799 1219 1885 1303 pl.
1975 1218 2077 1282 Eo
2123 1218 2225 1281 die

118 1326 173 1365 ιο
202 1329 326 1371 nos
373 1328 626 1392 quoque
684 1306 891 1371 multa
943 1306 1138 1371 verba
1190 1306 1458 1371 fecimus
1509 1307 1914 1392 maximeque
1955 1306 2082 1372 visi
2125 1327 2227 1371 su-

201 1418 352 1461 mus
414 1399 704 1459 senatum
779 1394 1383 1460 commemoratione
1446 1399 1594 1460 tuae
1657 1395 2008 1460 voluntatis
2071 1414 2225 1482 erga

200 1484 393 1547 illum
456 1482 745 1548 ordinem
806 1503 1195 1567 permovere.
1301 1481 1528 1566 Itaque
1598 1484 1910 1567 postridie
1980 1481 2224 1567 placuit

200 1576 279 1636 ut
336 1571 621 1637 breviter
676 1570 1022 1635 sententias
1077 1571 1454 1657 diceremus3
1511 1570 1850 1637 videbatur
1903 1571 2075 1637 enim
2127 1592 2224 1635 re·

202 1660 545 1725 conciliata
594 1658 785 1723 nobis
836 1659 1135 1724 voluntas
1188 1681 1323 1723 esse
1377 1662 1659 1744 senatus,
1714 1660 1887 1744 quod
1939 1680 2086 1723 cum
2131 1658 2225 1723 di-

116 1764 171 1806 15
202 1747 408 1813 cendo
453 1751 593 1811 tum
646 1747 918 1833 singulis
976 1747 1372 1831 appellandis
1417 1748 1845 1834 rogandisque
1888 1768 2223 1831 perspexe-

200 1858 361 1901 ram.
448 1834 691 1920 Itaque,
738 1856 884 1899 cum
928 1836 1244 1900 sententia
1286 1836 1499 1920 prima
1541 1835 1762 1900 Bibuli
1805 1835 2223 1920 pronuntiata

200 1926 405 2009 esset,
458 1927 533 1987 ut
584 1927 715 1988 tres
767 1924 967 2011 legati
1012 1945 1229 2011 regem
1283 1924 1682 2009 reducerent,
1736 1922 2012 1989 secunda
2053 1921 2222 1987 Hor·-

197 2012 388 2096 tensi,
433 2015 508 2075 ut
550 2015 623 2075 tu
668 2011 805 2076 sine
852 2012 1135 2076 exercitu
1174 2011 1542 2098 reduceres,
1586 2011 1778 2076 tertia
1821 2011 2102 2095 Volcaci‚
2147 2015 2223 2075 ut

196 2100 549 2184 Pompeius
592 2100 939 2184 reduceret,
982 2100 1379 2184 postulatum
1424 2104 1545 2185 est,
1590 2104 1664 2164 ut
1708 2099 1929 2164 Bibuli
1973 2102 2222 2165 senten-

115 2208 169 2248 20
198 2188 297 2253 tia
361 2188 765 2253 divideretur.
858 2187 1183 2264 Quatenus
1246 2188 1326 2252 de
1387 2188 1700 2275 religione
1763 2186 2043 2272 dicebat,
2117 2186 2222 2255 cui

199 2276 465 2360 quidem
508 2277 603 2340 rei
646 2276 776 2341 iam
821 2276 1049 2341 obsisti
1092 2298 1223 2341 non
1266 2278 1546 2360 poterat,
1599 2275 1836 2341 Bibulo
1882 2276 2220 2341 adsensum

198 2368 326 2450 est3
387 2365 464 2428 de
508 2364 719 2429 tribus
761 2364 991 2450 legatis
1034 2364 1400 2449 frequentes
1445 2366 1658 2429 ierunt
1702 2364 1771 2428 in
1816 2364 1942 2428 alia
1986 2364 2217 2429 omnia.

196 2451 509 2516 Proxima
562 2456 697 2517 erat
749 2451 1058 2518 Hortensi
1111 2454 1450 2539 sententia,
1516 2474 1661 2518 cum
1712 2450 1933 2537 Lupus
1987 2456 2066 2517 tr.
2111 2451 2216 2536 pl.‚
2253 2465 2286 2513 2

196 2540 376 2624 quod
420 2540 557 2624 ipse
603 2541 679 2605 de
722 2540 1031 2626 Pompeio
1075 2541 1415 2626 retulisset,
1457 2541 1787 2607 intendere
1823 2540 2035 2637 coepit
2069 2544 2217 2603 ante

115 2646 168 2686 2⁵
197 2650 267 2694 se
313 2632 612 2712 oportere
671 2629 1117 2694 discessionem
1167 2630 1374 2693 facere
1423 2650 1616 2713 quam
1665 2628 1972 2695 consules.
2055 2627 2216 2691 Eius

196 2716 480 2782 orationi
524 2716 932 2782 vehementer
975 2717 1056 2781 ab
1103 2718 1402 2782 omnibus
1445 2718 1858 2782 reclamatum
1903 2719 2024 2801 est,
2079 2719 2217 2779 erat

196 2805 372 2869 enim
418 2808 483 2869 et
526 2804 747 2889 iniqua
792 2809 856 2870 et
898 2828 1081 2871 nova.
1174 2804 1482 2871 Consules
1535 2827 1742 2890 neque
1787 2803 2218 2869 concedebant

194 2914 405 2976 neque
450 2892 634 2957 valde
678 2893 1148 2981 repugnabant,
1202 2894 1372 2957 diem
1427 2895 1716 2959 consumi
1759 2891 2090 2977 volebant,
2147 2891 2216 2955 id

196 2981 374 3066 quod
415 2985 515 3045 est
559 2982 830 3069 factum3
877 2982 1349 3066 perspiciebant
1395 2982 1566 3047 enim
1610 2980 1680 3045 in
1724 2980 2033 3045 Hortensi
2075 3000 2215 3044 sen-

114 3087 170 3127 so
194 3069 469 3134 tentiam
493 3069 717 3135 multis
739 3069 1033 3154 partibus
1062 3070 1278 3154 plures
1313 3071 1536 3155 ituros,
1573 3090 1960 3155 quamquam
1995 3072 2213 3151 aperte

193 3155 503 3223 Volcacio
541 3158 1025 3226 adsentirentur.
1082 3158 1275 3223 Multi
1314 3159 1726 3245 rogabantur,
1771 3161 1962 3241 atque
2006 3155 2078 3221 id
2119 3156 2216 3239 ip-

194 3267 337 3311 sum
384 3246 755 3311 consulibus
799 3248 1044 3332 invitis,
1098 3268 1249 3312 nam
1304 3248 1362 3311 ei
1407 3246 1628 3311 Bibuli
1681 3243 2064 3311 sententiam
2107 3266 2212 3309 va-

192 3332 325 3399 lere
390 3334 736 3419 cupierant.
843 3334 985 3401 Hac
1046 3334 1481 3401 controversia
1541 3356 1744 3419 usque
1815 3333 1896 3398 ad
1955 3336 2210 3399 noctem
2247 3349 2280 3396 3

194 3422 385 3511 ducta⁴
447 3426 703 3488 senatus
766 3423 1063 3489 dimissus
1117 3427 1228 3489 est.
1320 3423 1463 3510 Ego
1529 3445 1604 3489 eo
1671 3422 1773 3487 die
1837 3443 1986 3487 casu
2043 3421 2213 3505 apud

108 3526 164 3568 ⁸⁵
189 3509 571 3600 Pompeium
600 3514 819 3577 cenavi
844 3516 1194 3596 nactusque
1219 3515 1474 3597 tempus
1507 3512 1634 3579 hoc
1667 3511 1874 3598 magis
1910 3510 2211 3577 idoneum

1785 3620 1813 3667 1
1827 3615 1854 3645 Φ
