2567 3884
347 187 476 252 180
1111 187 1625 242 EPISTULARUM

274 349 306 398 3
476 331 622 418 Ego
679 330 756 395 de
808 334 876 396 te
929 331 1010 395 ad
1066 329 1402 395 Caesarem
1456 353 1651 414 quam
1709 330 2053 416 diligenter
2104 331 2363 416 scripse·

344 421 498 504 rim,
550 423 692 484 tute
736 419 886 504 scis,
941 441 1134 502 quam
1189 440 1401 503 saepe,
1456 440 1603 504 ego;
1658 419 1771 482 sed
1819 418 2183 484 mehercule
2236 421 2368 485 iam

344 508 814 572 intermiseram
827 557 845 591 ,
889 528 970 571 ne
1015 507 1266 571 viderer
1308 507 1743 570 liberalissimi
1786 506 2068 572 hominis
2110 509 2367 593 meique

345 596 770 660 amantissimi
823 594 1143 660 voluntati
1197 617 1352 680 erga
1404 617 1509 659 me
1564 594 1870 660 diffidere.
1970 593 2098 660 Sed
2148 599 2367 661 tamen

345 685 430 749 iis
481 683 744 768 litteris,
798 705 956 767 quas
1008 682 1302 766 proxime
1358 682 1527 768 dedi,
1577 683 1805 767 putavi
1858 704 1993 747 esse
2036 683 2367 749 hominem
2421 702 2450 742 5

348 771 898 837 commonendum.
985 769 1065 835 Id
1117 771 1271 856 feci3
1337 770 1492 855 quid
1542 771 1951 857 profecerim,
2013 773 2210 837 facias
2261 796 2367 838 me

345 861 542 926 velim
589 860 929 924 certiorem
963 863 1030 923 et
1067 858 1260 922 simul
1305 859 1383 922 de
1419 862 1559 923 toto
1598 863 1770 923 statu
1804 864 1919 924 tuo
1956 861 2368 945 consiliisque

349 948 676 1034 omnibus3
723 948 883 1012 scire
929 947 1100 1011 enim
1145 947 1353 1032 cupi0,
1399 947 1557 1030 quid
1598 970 1776 1034 agas,
1823 947 1981 1031 quid
2024 954 2369 1035 exspectes,

350 1059 544 1122 quam
586 1038 856 1124 longum
899 1035 1098 1100 istum
1141 1039 1330 1099 tuum
1372 1035 1716 1100 discessum
1760 1057 1801 1099 a
1841 1035 2032 1100 nobis
2075 1037 2369 1102 futurum

278 1140 314 1189 4
348 1130 552 1210 putes.
645 1123 754 1189 Sic
811 1124 982 1188 enim
1039 1123 1164 1188 tibi
1221 1122 1601 1207 persuadeas
1659 1124 1885 1208 velim,
1946 1145 2148 1189 unum
2202 1126 2369 1190 mihi
2399 1144 2452 1184 10

351 1236 486 1278 esse
530 1213 864 1298 solacium,
920 1234 1115 1296 quare
1160 1211 1413 1275 facilius
1464 1212 1707 1295 possim
1758 1212 1896 1296 pati
1938 1216 2005 1276 te
2050 1235 2186 1278 esse
2230 1215 2369 1279 sine

349 1302 557 1387 nobis,
601 1302 658 1365 si
702 1301 824 1364 tibi
871 1322 1005 1364 esse
1051 1300 1120 1363 id
1165 1300 1595 1364 emolumento
1642 1300 1865 1386 sciam;
1910 1301 2013 1364 sin
2048 1304 2263 1366 autem
2300 1303 2370 1367 id

349 1412 484 1455 non
537 1392 659 1474 est,
713 1389 878 1452 nihil
934 1387 1184 1453 duobus
1234 1387 1425 1453 nobis
1479 1392 1575 1452 est
1621 1387 1882 1452 stultius
1889 1439 1907 1473 ,
1961 1411 2089 1474 me,
2145 1391 2257 1474 qui
2302 1395 2369 1456 te

350 1499 484 1542 non
525 1476 801 1542 Romam
845 1475 1183 1562 attraham,
1226 1480 1311 1561 te,
1358 1475 1469 1560 qui
1512 1498 1645 1540 non
1686 1476 1815 1541 huc
1858 1476 2131 1542 advoles.
2220 1477 2370 1544 Una

351 1565 713 1630 mehercule
754 1568 977 1630 nostra
1018 1565 1125 1630 vel
1167 1586 1387 1629 severa
1421 1564 1525 1628 vel
1568 1565 1783 1630 iocosa
1826 1566 2191 1651 congressio
2228 1567 2370 1651 plu·
2398 1585 2452 1624 15

352 1654 443 1718 ris
505 1654 629 1717 erit
690 1674 883 1737 quam
943 1675 1076 1718 non
1137 1653 1331 1717 modo
1393 1651 1643 1738 hostes,
1708 1653 1820 1717 sed
1881 1654 2075 1718 etiam
2137 1655 2371 1720 fratres

353 1741 559 1842 nostri
591 1740 860 1844 Haedui.
952 1741 1160 1818 Quare
1208 1739 1506 1805 omnibus
1553 1740 1629 1804 de
1674 1741 1867 1805 rebus
1910 1742 2012 1805 fac
2056 1746 2130 1806 ut
2174 1765 2370 1827 quam

349 1851 632 1914 primum
677 1850 888 1893 sciam.

397 1951 583 2018 ‘Aut
637 1951 1110 2017 consolando
1157 1957 1288 2016 aut
1334 1951 1662 2016 consilio
1709 1955 1839 2016 aut
1883 1975 1961 2018 re
2018 1953 2325 2019 iuvero'.

1302 2159 1412 2226 XI.
2399 2184 2453 2223 20

637 2282 753 2338 Ser.
788 2283 918 2352 fort.
963 2283 1027 2336 in
1069 2283 1391 2358 Tusculano·
1422 2300 1491 2337 m.
1529 2283 1657 2338 Ian.
1703 2300 1755 2338 a.
1797 2287 1903 2338 701
1945 2286 2083 2352 (53).

1023 2403 1277 2459 CICERO
1317 2403 1697 2460 TREBATIO.

287 2550 314 2597 1
484 2529 632 2594 Nisi
685 2533 832 2594 ante
886 2529 1094 2594 Roma
1145 2530 1471 2613 profectus
1526 2553 1717 2616 essee,
1776 2553 1947 2596 nunc
2004 2553 2144 2596 eam
2199 2536 2373 2598 certe

353 2619 770 2705 relinqueres3
830 2619 974 2701 quis
1034 2618 1205 2682 enim
1261 2622 1364 2683 tot
1420 2618 1807 2705 interregnis
1862 2619 2370 2685 iureconsultum

353 2707 711 2771 desiderat?
800 2705 945 2792 Ego
1005 2707 1330 2791 omnibus,
1388 2707 1556 2770 unde
1609 2707 1883 2793 petitur,
1939 2707 2065 2772 hoc
2117 2709 2371 2773 consilii
2400 2726 2451 2767 2⁵

354 2795 654 2878 dederim,
701 2797 773 2858 ut
819 2815 857 2856 a
901 2794 1173 2880 singulis
1215 2795 1648 2881 interregibus
1691 2795 1877 2860 binas
1920 2795 2371 2861 advocationes

350 2883 696 2967 postulent.
789 2879 1039 2946 Satisne
1092 2883 1215 2948 tibi
1269 2882 1493 2947 videor
1546 2883 1661 2946 abs
1712 2887 1779 2948 te
1832 2884 1933 2948 ius
1978 2884 2164 2948 civile
2210 2884 2372 2949 didi-

282 2987 314 3035 2
353 2971 555 3035 cisse?
621 2969 747 3035 Sed
780 2969 940 3034 heus
982 2972 1082 3035 tu!
1130 2971 1288 3055 quid
1322 2971 1503 3057 agis?
1550 2972 1779 3055 ecquid
1810 2972 1929 3036 fit‘?
1974 2972 2160 3038 video
2197 2973 2371 3038 enim

350 3063 417 3123 te
469 3059 619 3158 iam·
652 3058 852 3122 iocari
903 3079 1020 3142 per
1069 3058 1336 3124 litteras.
1424 3058 1603 3124 Haec
1658 3060 1848 3162 signa
1894 3060 2163 3162 meliora
2218 3065 2371 3163 sunt

353 3145 1755 3322 ἓξὲῒηέᾞέἓωᾞῧῗῖἓέὲωῗθἓὲήῖῗὲῗ
1796 3151 1910 3301 ἔὲἶί
1951 3171 2370 3323 ἓξΐθῇῖἳΡὲῗ
2396 3167 2449 3208 ³⁰

351 3321 466 3386 illo
514 3323 760 3386 consuli
803 3323 1076 3389 mallem.
1168 3323 1356 3400 Quod
1398 3325 1454 3389 si
1490 3328 1602 3389 aut
1645 3326 1723 3389 fit
1768 3328 1879 3390 aut
1922 3325 2213 3390 futurum
2256 3348 2375 3410 pu-
2438 3337 2443 3340 '

350 3412 468 3493 tas,
513 3411 726 3493 perfer
769 3411 961 3476 istam
1003 3413 1306 3477 militiam
1351 3417 1416 3478 et
1459 3435 1790 3500 permane3
1837 3436 1957 3500 ego
2004 3415 2175 3479 enim
2211 3414 2375 3479 desi-

354 3496 600 3562 derium
655 3498 753 3563 tui
809 3522 918 3584 spe
971 3504 1232 3566 tuorum
1289 3501 1771 3568 commodorum
1817 3503 2223 3588 consolabor3
2270 3503 2374 3568 sin
