2567 3884
929 161 1149 215 LIBER
1183 162 1237 216 Π
1276 168 1432 217 1-3,
2113 161 2193 225 31

152 306 225 367 te
273 324 605 387 opsecrare
652 305 1090 389 optestarique
1126 327 1258 369 non
1297 305 1606 389 dubitem,
1651 304 1744 370 sic
1779 306 1862 370 ad
1894 328 2014 371 nos
2052 328 2198 371 con-

152 391 478 455 formatus
522 396 861 477 revertare,
907 397 999 479 ut,
1048 416 1242 477 quam
1290 395 1801 477 expectationem
1846 395 1945 458 tui
1991 394 2197 459 conci-

152 478 332 564 tasti,
376 479 544 543 hanc
579 481 895 545 sustinere
930 503 1004 545 ac
1038 482 1209 547 tueri
1243 482 1478 567 possis3
1525 486 1607 567 et,
1645 482 1950 566 quoniam
1985 505 2196 547 meam

153 571 423 631 tuorum
468 590 621 654 erga
664 591 769 633 me
815 571 1197 635 meritorum
1240 571 1622 635 memoriam
1665 571 1844 635 nulla
1887 593 2194 657 umquam

100 675 129 715 5
158 656 403 720 delebit
452 657 715 742 oblivio,
761 661 827 721 te
875 680 1055 745 rogo,
1101 662 1175 723 ut
1209 659 1598 744 memineris,
1645 663 2193 744 quantaecumque

154 742 286 807 tibi
333 745 723 811 accessiones
769 746 927 810 fient
972 750 1039 810 et
1083 747 1382 811 fortunae
1437 751 1502 811 et
1557 747 1919 833 dignitatis,
1979 768 2083 811 eas
2127 751 2192 811 te

153 854 293 896 non
335 833 622 917 potuisse
668 834 991 919 consequi,
1034 835 1162 899 nisi
1204 836 1367 900 meis
1411 857 1572 920 puer
1609 835 1766 899 olim
1801 834 2190 899 fidelissimis

156 924 354 1005 atque
400 921 856 987 amantissimis
902 924 1188 988 consiliis
1231 923 1568 1007 paruisses.
1644 922 1852 999 Quare
1897 924 2024 988 hoc
2059 923 2190 987 ani-

152 1031 268 1073 mo
316 1010 385 1073 in
428 1031 547 1074 nos
593 1032 729 1075 esse
776 1011 1055 1095 debebis,
1100 1015 1174 1075 ut
1220 1016 1394 1075 aetas
1449 1016 1672 1077 nostra
1718 1012 1848 1076 iam
1902 1012 2190 1097 ingrave-

72 1119 125 1157 10
155 1119 343 1163 scens
387 1096 458 1162 in
503 1120 720 1163 amore
775 1103 968 1183 atque
1013 1100 1083 1163 in
1129 1100 1562 1165 adulescentia
1606 1104 1720 1165 tua
1765 1101 2189 1185 conquiescat.

1132 1291 1215 1358 H.

784 1414 897 1469 Ser.
939 1414 1149 1469 Romae
1185 1433 1236 1469 a.
1278 1416 1386 1469 701
1427 1418 1565 1484 (53).

658 1536 735 1591 M.
775 1536 1033 1592 CICERO
1072 1536 1125 1591 S.
1163 1536 1229 1591 D.
1269 1536 1326 1592 C.
1367 1534 1679 1593 CURIONI.

294 1660 494 1726 Gravi
550 1665 714 1727 teste
770 1662 1063 1745 privatus
1122 1684 1265 1727 sum
1326 1662 1564 1726 amoris
1621 1663 1858 1727 summi
1917 1686 2071 1750 erga
2123 1668 2190 1728 te

74 1768 127 1809 15
154 1750 286 1815 mei
332 1753 517 1834 patre
560 1754 693 1835 tu0,
741 1750 1095 1815 clarissimo
1132 1750 1292 1815 vim.
1376 1748 1501 1825 Qui
1538 1772 1694 1842 cum·
1721 1752 1853 1816 suis
1888 1752 2188 1815 laudibus

154 1843 301 1903 tum
355 1860 508 1903 vero
563 1842 628 1903 te
681 1838 819 1903 filio
872 1843 1232 1922 superasset
1278 1838 1568 1903 omnium
1612 1840 1964 1925 fortunam,
2025 1840 2080 1903 si
2126 1840 2187 1903 ei

158 1927 555 2013 contigisset,
602 1930 674 1990 ut
720 1930 784 1990 te
832 1930 978 1991 ante
1015 1927 1288 2013 videret,
1336 1948 1529 2009 quam
1573 1949 1612 1990 a
1647 1927 1783 1991 vita
1820 1928 2186 1991 discederet.

158 2013 287 2079 Sed
334 2036 520 2099 spero
565 2018 854 2079 nostram
900 2014 1253 2079 amicitiam
1289 2036 1421 2079 non
1459 2036 1644 2101 egere
1681 2016 1974 2080 testibus.
2037 2014 2188 2080 Tibi

156 2102 624 2187 patrimonium
679 2103 780 2167 dei
827 2103 1185 2187 fortunent3
1245 2120 1350 2167 me
1398 2108 1566 2167 certe
1620 2102 1916 2190 habebis,
1972 2104 2074 2168 cui
2122 2107 2188 2167 et

72 2210 130 2249 20
160 2213 345 2255 carus
389 2213 590 2276 aeque
636 2192 723 2255 sis
770 2195 834 2255 et
880 2192 1213 2276 iucunduS,
1260 2212 1336 2255 ac
1379 2191 1562 2255 fuisti
1606 2192 1794 2275 patri.

1118 2398 1233 2467 HI.

782 2522 896 2579 Ser.
934 2522 1144 2577 Romae
1178 2540 1231 2577 a.
1273 2526 1380 2578 701
1422 2526 1558 2591 (53).

656 2644 732 2701 M.
774 2644 1031 2700 CICERO
1070 2645 1123 2701 S.
1161 2645 1227 2700 D.
1268 2644 1325 2701 G.
1367 2644 1682 2701 CURIONI.

289 2772 517 2857 Rupae
550 2772 838 2837 studium
872 2793 1006 2837 non
1044 2772 1248 2836 defuit
1286 2771 1813 2836 declarandorum
1848 2791 2188 2835 munerum
2228 2786 2252 2833 1

74 2878 129 2919 25
154 2864 273 2925 tuo
325 2862 614 2947 nomine,
674 2860 786 2925 sed
838 2881 957 2924 nec
1007 2860 1172 2925 mihi
1224 2860 1469 2944 placuit
1521 2882 1642 2923 nec
1694 2860 1994 2944 cuiquam
2046 2862 2188 2923 tuo-

156 2972 303 3013 rum
340 2949 684 3034 quicquam
720 2952 785 3011 te
822 2949 1085 3013 absente
1121 2948 1279 3033 fieri,
1319 2948 1494 3032 quod
1528 2948 1672 3032 tibi,
1711 2970 1856 3012 cum
1887 2946 2186 3031 venisseS,

152 3060 289 3102 non
334 3042 500 3102 esset
544 3038 886 3123 integrum.
976 3036 1297 3120 Equidem
1344 3036 1501 3121 quid
1545 3037 1834 3121 sentiam,
1881 3038 1992 3098 aut
2037 3034 2188 3097 scri-

153 3127 310 3191 bam
367 3126 450 3191 ad
506 3130 571 3191 te
630 3129 856 3210 postea
908 3124 1205 3209 pluribus
1260 3129 1402 3209 aut,
1461 3146 1543 3187 ne
1599 3125 1680 3188 ad
1733 3146 1807 3188 ea
1859 3122 2185 3207 meditere,

152 3215 522 3299 inparatum
576 3218 641 3278 te
700 3213 1017 3277 offendam
1074 3234 1416 3296 coramque
1473 3216 1696 3277 contra
1750 3212 1940 3276 istam
1995 3211 2187 3275 ratio-

74 3320 126 3360 30
149 3325 307 3371 nem
348 3324 559 3367 meam
607 3301 840 3387 dicam,
886 3304 958 3365 111
1004 3305 1116 3365 aut
1160 3305 1225 3365 te
1271 3301 1355 3365 ad
1397 3322 1606 3365 meam
1653 3299 2037 3364 sententiam
2083 3300 2188 3363 ad—

72 3384 75 3386 *
154 3392 386 3457 ducam
440 3394 553 3455 aut
610 3394 780 3455 certe
834 3393 1144 3454 testatum
1196 3389 1369 3474 apud
1413 3388 1702 3453 animum
1759 3390 1946 3452 tuum
1994 3388 2184 3451 relin-

153 3502 369 3565 quam,
414 3480 574 3565 quid
616 3478 943 3564 senserim,
990 3482 1080 3563 ut,
1129 3477 1183 3543 si
1231 3478 1508 3564 quand0,
1555 3477 1732 3560 quod
1773 3476 2006 3561 nolim,
2065 3476 2188 3539 dis-
