2567 3884
836 140 841 144 ”
928 184 1146 238 LIBER
1181 185 1234 238 Π
1271 191 1500 240 14—16
2139 187 2229 251 45

315 327 452 392 Res
509 327 775 412 publica
834 349 938 392 me
1001 328 1186 394 valde
1251 328 1574 394 sollicitat
1663 329 1877 394 Faveo
1940 329 2228 415 Curioni,
2266 349 2299 396 3

185 414 530 481 Gaesarem
563 416 909 480 honestum
947 438 1083 481 esse
1111 416 1319 502 cupio,
1355 437 1477 501 pro
1510 416 1823 500 Pompeio
1852 419 2056 482 emori
2082 441 2229 503 pos—

185 527 360 590 sum,
407 505 522 569 sed
564 508 784 570 tamen
827 505 972 588 ipsa
1014 527 1084 569 re
1127 505 1391 589 publica
1434 505 1633 570 1111111
1646 506 1811 569 1111111
1856 509 1953 570 est
2000 507 2227 590 carius,

185 593 256 658 in
312 615 445 678 qua
498 596 573 656 tu
625 614 760 657 non
813 593 999 658 valde
1051 597 1117 657 te
1171 594 1397 679 iactas3
1458 594 1788 658 districtus
1846 594 2023 658 enim
2065 595 2229 658 1111111

136 701 162 740 5
186 681 430 746 videris
477 703 639 765 esse,
700 681 876 782 quod
919 685 985 746 et
1028 681 1237 746 bonus
1283 681 1443 746 civis
1489 685 1553 746 et
1598 683 1809 746 bonus
1854 682 2097 746 amicus
2142 705 2229 747 es.

321 769 472 854 Ego
537 769 616 834 de
676 770 1012 871 provincia
1083 770 1391 835 decedens
1454 774 1870 888 quaestorem
1936 769 2228 835 Coelium
2263 789 2296 836 4

185 857 538 942 praeposui
570 858 958 941 provinciae.
1031 857 1313 923 Pueru
1327 881 1394 922 m
1408 859 1473 922 ‘2'
1520 859 1754 960 inquis.
1806 858 1899 922 At
1936 862 2230 942 quaesto-

186 967 344 1030 rem,
393 949 462 1010 at
505 945 792 1010 nobilem
838 946 1334 1030 adulescentem,
1390 951 1457 1011 at
1502 947 1793 1012 omnium
1836 948 1971 1012 fere
2019 969 2229 1011 exem-

185 1035 318 1120 plo.
391 1033 624 1117 Neque
669 1038 806 1100 erat
851 1035 1180 1120 superiore
1223 1035 1472 1099 honore
1516 1057 1698 1128 usus,
1755 1058 1948 1119 quem
2000 1037 2229 1119 praefi-

117 1145 164 1183 11
188 1144 420 1188 cerem.
487 1119 896 1225 Pomptlnus
953 1125 1161 1205 multo
1221 1127 1369 1188 ante
1428 1119 1829 1210 discesserat,
1889 1147 1926 1187 0
1984 1123 2227 1200 Quinto

187 1322 354 1384 sem,
425 1299 710 1364 dicerent
761 1300 973 1384 iniqui
1025 1322 1160 1364 non
1209 1321 1317 1364 me
1370 1301 1561 1384 plane
1618 1304 1769 1385 post
1824 1323 2094 1386 annum,
2153 1305 2227 1364 ut

187 1351 452 1454 senatus
479 1387 806 1473 voluisset,
853 1389 932 1453 de
964 1388 1300 1472 provincia
1326 1388 1684 1474 decessisse,
1732 1389 2038 1473 quoniam
2074 1389 2229 1454 alte-

188 1499 337 1542 rum
393 1497 499 1540 me
554 1476 973 1561 reliquissem.
1071 1476 1371 1540 Fortasse
1425 1477 1622 1542 etiam
1678 1478 1845 1541 illud
1902 1477 2227 1563 adderent,

118 1583 165 1624 a
189 1568 490 1630 senatum
525 1585 634 1629 eos
668 1565 1335 1649 voluisseprovinciis
1367 1587 1676 1650 praeesse,
1724 1566 1837 1650 qui
1872 1569 2065 1630 antea
2094 1589 2226 1630 non

189 1653 639 1738 praefuissent,
683 1654 952 1718 fratrem
986 1675 1202 1718 meum
1233 1653 1591 1718 'triennium
1625 1653 1821 1718 Asiae
1855 1655 2225 1738 praefuisse.

189 1742 490 1825 Denique
535 1762 708 1806 nunc
749 1741 1066 1806 sollicitus
1117 1763 1251 1806 non
1296 1764 1466 1828 sum3
1522 1743 1576 1806 si
1620 1743 1889 1806 fratrem
1934 1743 2228 1826 reliquis-

192 1853 326 1896 sem
339 1881 360 1914 ,
407 1829 626 1895 omnia
668 1829 980 1894 timerem.
1069 1829 1410 1915 Postremo⁴
1452 1852 1586 1894 non
1628 1833 1765 1894 tam
1808 1851 1953 1893 mea
1998 1835 2227 1914 sponte

192 1941 389 2002 quam
446 1918 1046 2002 potentissimorum
1105 1919 1382 1982 duorum
1440 1919 1733 2003 exemplo
1747 1970 1766 2003 ,
1840 1918 1954 2001 qui
2018 1919 2227 1982 omnis

120 2026 170 2066 ιο
195 2006 454 2072 Cassios
506 2004 956 2090 Antoniosque
1015 2007 1334 2090 complexi
1388 2010 1570 2091 sunt,
1627 2006 1960 2071 hominem
2014 2006 2227 2070 adule-

194 2099 481 2162 scentem
523 2117 658 2159 non
701 2098 838 2158 tam
891 2095 1146 2159 allicere
1200 2095 1380 2160 volui
1446 2117 1640 2178 quam
1702 2095 1982 2159 alienare
2026 2094 2225 2159 nolui.

191 2184 337 2250 Hoc
379 2187 457 2248 tu
501 2205 720 2248 meum
763 2184 1105 2248 consilium
1139 2183 1361 2248 laudes
1396 2187 1731 2270 necessest,
1775 2183 2017 2248 mutari
2052 2184 2226 2248 enim

191 2295 323 2338 non
461 2275 604 2335 test.

323 2294 458 2426 Dleo
486 2358 706 2424 Ocella
759 2381 990 2444 parum
1049 2359 1132 2423 ad
1186 2381 1291 2424 me
1349 2359 1539 2443 plane
1598 2359 1970 2446 scripseras,
2034 2365 2099 2426 et
2156 2361 2227 2425 in
2265 2377 2295 2426 5

121 2469 167 2508 25
193 2451 354 2515 actis
412 2469 549 2512 non
607 2451 759 2512 erat.
850 2448 1024 2512 Tuae
1082 2470 1186 2512 res
1245 2451 1464 2534 gestae
1518 2447 1613 2511 ita
1664 2452 1857 2513 notae
1910 2453 2092 2534 sunt,
2152 2454 2227 2514 ut

189 2543 370 2606 tram
415 2540 706 2602 montem
741 2535 1027 2600 Taurum
1073 2537 1268 2600 etiam
1316 2536 1393 2599 de
1428 2535 1739 2601 Matrinio
1784 2537 1872 2601 sit
1918 2502 2225 2602 auditum.

189 2627 366 2714 Ego,
419 2626 550 2690 nisi
604 2624 763 2708 quid
812 2647 916 2688 me
972 2624 1206 2688 etesiae
1258 2624 1712 2712 morabuntur,
1774 2626 2092 2712 celenter,
2154 2631 2227 2688 ut

189 2737 398 2801 spero,
446 2735 564 2779 vos
609 2713 862 2777 videbo.

1124 2923 1299 2989 XVI.

116 3070 164 3110 so
495 3046 612 3104 Ser.
650 3048 715 3102 in
755 3046 1000 3102 Cumano
1035 3047 1080 3100 I
1083 3033 1136 3101 V'
1166 3046 1317 3100 Non.
1358 3047 1505 3101 Mai.
1545 3065 1595 3102 a.
1637 3049 1747 3102 705
1787 3047 1923 3114 (49).

619 3157 694 3242 ’Μ
733 3185 990 3242 menso
1027 3185 1176 3242 nff
1216 3186 1269 3242 0
1306 3185 1373 3241 D.
1403 3186 1477 3242 M
1518 3183 1795 3240 GAELlo,

317 3333 564 3436 Magno
611 3330 832 3396 dolore
867 3353 974 3396 me·
1007 3329 1389 3396 adfecissent
1424 3333 1573 3394 tuae
1607 3328 1881 3413 litterae,
1926 3328 2055 3393 nisi
2092 3329 2225 3393 iam
2266 3348 2293 3394 1

189 3427 250 3488 et
301 3423 476 3488 ratio
533 3421 676 3505 ipsa
721 3419 1070 3503 depulisset
1117 3441 1338 3484 omnes
1382 3417 1736 3501 molestias,
1799 3421 1865 3481 et
1921 3418 2227 3482 diuturna

188 3510 633 3598 desperatione
704 3529 922 3572 rerum
993 3507 1403 3573 obduruisset
1476 3506 1727 3571 animus
1792 3506 1875 3570 ad
1938 3507 2228 3572 dolorem
