2567 3884
701 161 800 215 AD
841 160 1080 225 QUINT.
1119 162 1378 217 FRATR.
1416 163 1633 216 LIBER
1666 164 1693 217 I
1733 169 1780 219 1.
2101 162 2233 226 499

204 304 426 368 dinem
487 326 620 368 non
677 305 869 368 modo
929 306 1043 369 illo
1101 306 1400 389 populari
1458 327 1711 369 accessu
1770 328 1845 369 ac
1905 306 2233 391 tribunali,

205 393 321 457 sed
372 414 456 457 ne
512 393 702 456 domo
759 392 1017 475 quidem
1072 397 1136 457 et
1192 393 1487 457 cubiculo
1542 415 1678 457 esse
1733 394 2053 457 exclusam
2099 398 2233 479 tue,

203 485 350 545 toto
389 480 660 565 denique
703 480 974 564 imperio
1021 481 1187 545 nihil
1223 482 1524 545 acerbum
1570 503 1722 566 esse,
1767 482 1933 546 nihil
1979 482 2233 545 crudele

203 573 402 652 atque
458 569 672 633 omnia
722 569 912 652 plena
966 570 1365 655 clementiae,
1423 570 1955 657 mansuetudinis,
2010 570 2233 634 huma-

145 676 176 716 5
202 657 669 821 mtaglsiantum
704 765 856 809 vero
892 745 1053 808 illud
1089 749 1184 809 est
1230 746 1611 809 beneficium
1647 750 1849 830 tuum,
1896 746 2072 829 quod
2115 746 2233 809 ini-

205 854 339 917 quo
396 837 460 896 et
511 833 697 919 gravi
748 833 1048 918 vectigali
1111 833 1404 898 aedilicio
1469 855 1615 898 cum
1676 834 1928 919 magnis
1991 834 2233 898 nostris

205 921 648 985 simultatibus
692 918 915 985 Asiam
958 921 1274 986 liberasti!
1365 922 1651 1007 Etenim,
1714 922 1767 986 si
1826 944 1991 986 unus
2034 923 2231 986 homo

206 1009 450 1073 nobilis
498 1008 788 1092 queritur
831 1010 1044 1092 palam
1088 1014 1180 1093 te,
1226 1011 1401 1094 quod
1446 1009 1749 1094 edixeris,
1794 1032 1874 1073 ne
1921 1009 2003 1073 ad
2044 1010 2231 1073 ludos

119 1119 178 1156 ιο
204 1097 516 1181 pecuniae
570 1097 1083 1181 decernerentur,
1129 1097 1241 1161 HS
1290 1112 1374 1166 OG
1431 1098 1556 1161 sibi
1603 1098 1936 1182 eripuisse,
1994 1102 2233 1181 quanta

204 1185 470 1249 tandem
523 1186 792 1268 pecunia
845 1185 1254 1269 penderetur,
1308 1186 1363 1249 si
1411 1187 1698 1250 omnium
1750 1186 2037 1269 nomine,
2095 1186 2232 1269 qui-

207 1295 483 1357 cumque
527 1272 772 1337 Romae
814 1273 1000 1336 ludos
1045 1274 1356 1357 facerent,
1404 1275 1579 1358 quod
1621 1278 1758 1337 erat
1802 1274 1933 1337 iam
1976 1272 2233 1337 institu-

206 1367 378 1446 tum,
433 1362 846 1446 erogaretur?
937 1360 1337 1445 Quamquam
1389 1363 1507 1426 has
1562 1362 1849 1446 querelas
1893 1362 2230 1426 hominum

205 1453 580 1514 nostrorum
624 1450 737 1513 illo
784 1450 1052 1513 consilio
1100 1450 1547 1534 oppressimus,
1594 1451 1768 1533 quod
1811 1450 1879 1513 in
1924 1449 2081 1515 Asia
2125 1472 2232 1513 ne-

124 1557 178 1597 15
205 1539 343 1602 scio
390 1559 668 1621 quonam
711 1538 923 1622 mode,
967 1537 1210 1601 Romae
1251 1538 1511 1621 quidem
1554 1560 1687 1601 non
1730 1539 2037 1602 mediocri
2084 1560 2229 1602 cum

206 1626 634 1690 admiratione
684 1625 1006 1710 laudatur,
1062 1626 1259 1709 quod,
1315 1647 1461 1690 cum
1514 1625 1595 1689 ad
1648 1628 1961 1710 templum
2004 1648 2229 1690 monu-

205 1718 625 1797 mentumque
695 1717 987 1777 nostrum
1051 1714 1340 1777 civitates
1410 1714 1711 1797 pecunias
1783 1714 2227 1799 decrevissent,

207 1824 483 1885 cumque
541 1802 610 1865 id
667 1806 732 1866 et
787 1824 906 1885 pro
965 1802 1124 1866 meis
1181 1802 1434 1887 magnis
1491 1802 1739 1865 meritis
1797 1806 1863 1865 et
1918 1824 2037 1885 pro
2096 1803 2228 1865 tuis

205 1890 509 1955 maximis
553 1890 879 1955 beneficiis
923 1912 1171 1953 summa
1215 1912 1329 1954 sua
1373 1890 1702 1953 voluntate
1747 1890 2071 1973 fecissent,
2115 1912 2229 1953 no-

127 1998 180 2037 20
206 1979 634 2063 minatimque
695 1980 802 2043 lex
861 1979 1206 2063 exciperet,
1270 1982 1343 2042 ut
1398 1978 1479 2041 ad
1531 1978 1843 2061 templum
1900 1981 1963 2041 et
2008 1999 2232 2041 monu-

207 2072 502 2132 mentum
547 2088 768 2151 capere
810 2067 1048 2151 liceret,
1094 2089 1366 2151 cumque
1411 2067 1502 2151 id,
1550 2067 1723 2151 quod
1768 2066 2055 2151 dabatur,
2099 2088 2231 2130 non

209 2158 378 2219 esset
430 2155 867 2238 interiturum,
928 2155 1039 2218 sed
1091 2156 1160 2219 in
1206 2155 1597 2219 ornamentis
1650 2156 1876 2239 templi
1922 2156 2231 2239 futurum,

209 2248 283 2307 ut
327 2264 460 2306 non
505 2242 666 2307 mihi
719 2242 936 2326 potius
982 2265 1173 2326 quam
1226 2243 1467 2327 populo
1512 2242 1806 2308 Romano
1853 2265 1925 2307 ac
1972 2243 2069 2307 dis
2114 2243 2231 2307 im-

209 2330 594 2395 mortalibus
654 2330 873 2393 datum
929 2331 1282 2415 videretur,
1346 2334 1561 2395 tamen
1620 2331 1713 2415 id,
1776 2332 1845 2395 in
1904 2352 2031 2415 quo
2092 2336 2230 2395 erat

129 2436 181 2475 2⁵
211 2419 510 2505 dignitaS,
556 2422 692 2482 erat
735 2418 865 2501 lex,
912 2423 1047 2481 erat
1092 2440 1331 2503 eorum,
1379 2420 1489 2502 qui
1533 2383 1870 2503 faciebant,
1914 2420 2230 2503 voluntaS,

209 2506 650 2607 accipiendum
684 2528 815 2569 non
853 2506 1076 2589 putavi
1113 2528 1258 2571 cum
1296 2507 1438 2570 aliis
1476 2507 1552 2570 de
1589 2508 1811 2591 causiS,
1856 2511 1997 2571 tum
2035 2508 2231 2571 etiam

210 2599 284 2658 ut
343 2596 556 2658 animo
621 2595 919 2678 aequiore
977 2595 1217 2658 ferrent
1275 2594 1355 2678 ii,
1420 2596 1654 2679 quibus
1716 2617 1833 2659 nec
1892 2595 2231 2658 deberetur

207 2704 328 2745 nec
370 2683 606 2746 liceret.
698 2681 1100 2766 Quapropter
1135 2683 1433 2747 incumbe
1473 2687 1614 2747 toto
1653 2684 1867 2746 animo
1904 2686 1968 2745 et
2015 2682 2229 2749 studio
2267 2700 2335 2749 27

211 2772 389 2835 omni
424 2771 493 2834 in
521 2792 661 2834 eam
696 2771 1026 2854 rationem,
1074 2793 1198 2855 qua
1235 2771 1443 2834 adhue
1478 2793 1629 2835 usus
1667 2793 1750 2854 eS,
1796 2774 1868 2833 ut
1896 2791 2023 2853 eoS,
2069 2792 2231 2853 quos

127 2876 181 2915 80
209 2863 360 2923 tuae
417 2859 568 2922 fidei
628 2858 1058 2942 potestatique
1121 2862 1377 2922 senatus
1438 2858 1841 2942 populusque
1900 2857 2231 2921 Romanus

209 2946 532 3011 commisit
591 2950 654 3009 et
713 2946 1004 3031 credidit,
1065 2946 1296 3032 diligas
1356 2949 1420 3010 et
1475 2947 1651 3009 omni
1710 2945 1957 3010 ratione
2011 2949 2231 3009 tueare

211 3040 275 3099 et
321 3056 455 3099 esse
501 3056 694 3118 quam
745 3034 1148 3098 beatissimos
1193 3034 1367 3097 velis
1460 3032 1702 3109 Quodsi
1755 3037 1821 3097 te
1866 3055 2004 3097 sors
2048 3033 2231 3097 Afris

207 3127 321 3187 aut
382 3121 688 3206 Hispanis
752 3126 862 3185 aut
928 3121 1127 3186 Gallis
1188 3122 1631 3205 praefecisset,
1704 3122 2094 3185 immanibus
2158 3142 2233 3184 ac

207 3211 501 3274 barbaris
544 3209 930 3294 nationibus,
976 3214 1190 3274 tamen
1227 3214 1393 3273 esset
1436 3209 1855 3273 humanitatis
1901 3214 2049 3273 tuae
2088 3230 2235 3273 con-

129 3316 180 3356 35
209 3299 416 3363 sulere
471 3320 693 3363 eorum
748 3299 1096 3362 commodis
1153 3302 1216 3361 et
1275 3298 1545 3362 utilitati
1600 3298 1919 3399 salutique
1966 3298 2235 3383 servire;

210 3409 356 3451 cum
413 3409 565 3452 vero
625 3387 684 3451 ei
742 3387 962 3473 generi
1018 3387 1356 3451 hominum
1413 3386 1792 3470 praesimuS,
1850 3407 1980 3449 non
2038 3386 2233 3449 modo

209 3476 278 3539 in
334 3497 461 3559 quo
507 3475 644 3559 ipsa
699 3476 809 3558 sit,
870 3475 980 3538 sed
1033 3476 1226 3539 etiam
1273 3497 1311 3538 a
1358 3496 1485 3557 quo
1532 3475 1611 3538 ad
1657 3474 1816 3538 alios
1870 3474 2235 3558 pervenisse

1802 3577 1907 3629 32*

2279 707 2319 771 9

2270 798 2338 847 26
