2567 3884
796 140 1013 195 LIBER
1047 142 1126 195 111
1164 148 1255 210 11,
1299 149 1379 197 12.
2027 145 2107 208 77

73 283 351 348 dubium
396 284 547 369 fuit,
603 285 972 349 absolutum
1018 307 1153 350 esse
1198 290 1290 370 te,
1339 286 1450 349 sed
1493 285 1672 370 illud,
1720 288 1917 372 quod,
1977 309 2105 371 quo

74 372 310 436 melior
365 372 548 457 civis,
604 395 731 456 quo
784 374 887 437 vir
942 373 1198 456 clarior,
1260 396 1389 457 quo
1443 374 1678 438 fortior
1732 376 1973 439 amicus
2020 397 2105 460 es,

74 481 336 544 quoque
380 460 567 545 plura
601 461 879 547 virtutis,
926 461 1277 525 industriae
1316 465 1688 526 ornamenta
1732 462 1801 526 in
1836 467 1903 527 te
1939 468 2107 547 sunt,

76 570 154 612 eo
201 548 568 613 mirandum
613 554 710 613 est
753 549 961 636 magis
1004 549 1249 614 nullam
1295 572 1376 613 ne
1422 550 1491 612 in
1534 549 1808 614 tabellae
1847 550 2108 634 quidem

20 653 48 694 5
73 635 329 700 latebra
372 637 568 701 fuisse
614 637 1056 702 absconditam
1098 637 1640 722 malevolentiam,
1698 660 1859 722 quae
1903 642 1969 703 te
2015 639 2108 702 in-

76 746 369 810 pugnare
415 725 691 789 auderet.
756 724 933 791 vNon
977 726 1211 790 horum
1254 730 1651 811 temporum,
1696 748 1828 791 non
1873 727 2107 790 horum

76 812 419 876 hominum
464 816 656 897 atque
700 836 956 878 morum
1000 813 1361 900 negotium!
1406 813 1574 878 nihil
1616 814 1745 878 iam
1791 837 1934 879 sum
1978 815 2106 899 pri-

80 900 228 964 dem
264 900 616 966 admiratus
651 903 874 988 magiS.
948 902 1047 965 De
1081 924 1185 966 me
1222 906 1438 966 autem
1473 902 1722 986 suscipe
1758 902 2108 987 paullisper

78 1009 255 1051 meas
310 989 513 1072 partis
568 993 633 1053 et
688 1012 834 1054 eum
887 994 953 1053 te
1008 1010 1143 1053 esse
1187 991 1386 1075 finge,
1446 990 1560 1073 qui
1615 1012 1757 1054 sum
1803 1013 1942 1076 ego.
2035 988 2106 1054 Si

0 1094 52 1133 10
80 1076 270 1140 facile
314 1076 651 1162 inveneris,
699 1077 855 1161 qu-id
900 1077 1088 1162 dicas,
1134 1078 1269 1142 noli
1316 1078 1646 1163 ignoscere
1694 1078 2106 1143 haesitationi

81 1186 277 1228 meae.
368 1163 512 1251 Ego
571 1187 725 1230 vero
784 1165 978 1230 velim
1032 1165 1195 1230 mihi
1248 1165 1625 1249 Tulliaeque
1676 1188 1880 1251 meae,
1940 1166 2107 1229 sicut

81 1256 155 1316 tu
215 1252 598 1318 amicissime
656 1258 721 1317 et
779 1254 1153 1318 suavissime
1213 1257 1426 1338 optaS,
1490 1275 1794 1337 prospere
1853 1254 2106 1319 evenire

84 1362 173 1424 ea,
221 1363 385 1424 quae
428 1363 532 1405 me
577 1341 885 1405 insciente
931 1342 1099 1405 facta
1142 1345 1295 1405 sunt
1340 1364 1377 1405 a
1420 1342 1612 1428 meis;
1657 1342 1770 1405 sed
1812 1342 1906 1406 ita
1951 1342 2105 1406 ceci-

84 1427 281 1513 disse,
341 1432 415 1492 ut
473 1434 816 1515 agerentur
873 1451 949 1494 eo
1003 1430 1319 1513 tempore!
1386 1427 1588 1513 Spero
1643 1430 1904 1494 omnino
1961 1451 2107 1494 cum

1 1532 57 1572 15
86 1516 302 1599 aliqua
347 1516 653 1581 felicitate
699 1522 762 1581 et
809 1520 981 1602 opto,
1025 1540 1250 1581 verum
1293 1521 1510 1580 tamen
1553 1518 1698 1600 plus
1743 1540 1847 1582 me
1883 1519 1952 1581 in
1987 1518 2107 1581 hac

84 1625 196 1687 spe
239 1608 354 1668 tua
397 1605 711 1689 sapientia
754 1609 819 1670 et
861 1605 1227 1669 humanitas
1272 1605 1640 1669 consolatur
1684 1627 1877 1689 quam
1923 1627 2107 1689 opor-

83 1691 327 1755 tunitas
371 1693 697 1777 temporis.
785 1691 1039 1778 Itaque,
1076 1715 1285 1777 ,quem
1340 1692 1422 1756 ad
1463 1694 1727 1757 modum
1774 1693 2106 1777 expediam

85 1780 331 1843 exitum
375 1780 567 1845 huius
620 1781 953 1846 institutae
999 1781 1335 1865 orationiS,
1393 1802 1525 1844 non
1570 1780 1846 1866 reperi03
1899 1802 2106 1864 neque

85 1867 258 1931 enim
302 1868 552 1933 tristius
598 1870 806 1933 dicere
861 1870 1204 1953 quicquam
1264 1867 1464 1932 debeo
1520 1890 1593 1932 ea
1640 1869 1716 1932 de
1762 1890 1856 1952 re,
1915 1890 2108 1952 quam

1 1974 56 2013 20
85 1959 159 2020 tu
204 1955 341 2039 ipse
397 1957 719 2021 ominibus
774 1958 1035 2041 optimis
1089 1956 1523 2041 prosequeris,
1577 1977 1784 2039 neque
1828 1977 1960 2019 non
2004 1978 2107 2019 me

82 2048 301 2107 tamen
345 2046 596 2109 mordet
641 2046 902 2129 aliquid.
990 2044 1070 2109 In
1124 2066 1251 2129 quo
1298 2067 1498 2108 unum
1542 2066 1674 2108 non
1718 2065 1967 2128 vereor,
2026 2065 2107 2108 ne

82 2136 159 2195 tu
202 2154 431 2215 parum
474 2133 820 2217 perspicias
865 2156 963 2218 ea,
1010 2155 1173 2217 quae
1217 2136 1401 2219 gesta
1444 2132 1598 2215 sint,
1655 2130 1736 2195 ab
1783 2132 1926 2195 aliis
1972 2153 2108 2196 esse

83 2224 293 2305 gesta3
349 2220 581 2304 quibus
627 2244 747 2307 ego
794 2222 886 2285 ita
938 2222 1338 2304 mandaram,
1393 2224 1490 2304 ut,
1546 2241 1691 2284 cum
1735 2224 1871 2284 tam
1914 2221 2108 2306 longe

85 2308 379 2372 afuturus
444 2330 672 2393 essem,
736 2310 819 2373 ad
878 2331 982 2373 me
1040 2330 1122 2373 ne
1180 2309 1519 2394 referrent3
1582 2312 1871 2394 agerent,
1937 2309 2111 2392 quod

0 2412 54 2452 25
83 2396 480 2479 probassent.
568 2394 646 2460 In
688 2397 815 2461 hoc
858 2401 1073 2461 autem
1116 2396 1281 2460 mihi
1325 2396 1489 2460 illud
1533 2396 1840 2461 occurrit:
1906 2395 2111 2472 eQuid

82 2488 159 2548 tu
203 2483 432 2569 igitur,
485 2484 540 2547 si
586 2485 970 2549 adfilisses‘?'
1033 2484 1198 2549 Rem
1241 2484 1640 2569 probassem,
1699 2484 1775 2548 de
1818 2489 2109 2568 tempore

83 2571 253 2635 nihil
295 2576 361 2636 te
405 2572 629 2657 invit0,
674 2573 841 2637 nihil
884 2573 1021 2637 sine
1067 2573 1336 2637 consilio
1376 2573 1649 2659 egissem
1685 2576 1817 2637 tuo.
1909 2570 2109 2635 Vides

84 2660 314 2724 sudare
358 2682 462 2724 me
497 2661 627 2725 iam
665 2661 904 2725 dudum
938 2661 1359 2746 laborantem,
1406 2683 1533 2744 quo
1570 2660 1762 2725 modo
1801 2682 1875 2723 ea
1910 2664 2108 2743 tuear,

84 2770 250 2831 quae
284 2748 448 2811 mihi
489 2749 727 2813 tuenda
771 2753 938 2834 sunt,
984 2753 1049 2814 et
1092 2753 1158 2814 te
1201 2771 1335 2813 non
1373 2749 1707 2813 offendam.
1798 2746 1971 2811 Leva
2005 2769 2109 2811 me

0 2855 53 2893 30
83 2836 290 2922 igitur
340 2836 466 2900 hoc
524 2859 741 2901 onere·
804 2859 1157 2921 numquam
1216 2837 1389 2901 enim
1447 2836 1611 2900 mihi
1659 2835 1891 2900 ‘videor
1946 2839 2109 2898 trac-

80 2928 253 2988 tasse
326 2945 580 2989 causam
646 2889 1090 2990 difficiliorem.
1202 2924 1311 2989 Sic
1364 2924 1602 2989 habeto
1647 2926 1889 2987 tamen:
1960 2920 2110 2987 Nisi

79 3013 213 3075 iam
276 3015 431 3076 tunc
497 3013 713 3077 omnia
773 3014 1036 3100 negotia
1099 3035 1245 3077 cum
1309 3034 1559 3077 summa
1617 3016 1730 3075 tua
1795 3010 2110 3095 dignitate

81 3100 573 3185 diligentissime
629 3102 1067 3187 confecissem,
1121 3101 1381 3165 tametsi
1411 3100 1603 3163 1111111
1647 3098 1986 3163 videbatur
2030 3097 2112 3161 ad

77 3210 297 3252 meum
351 3211 504 3276 erga
557 3194 622 3254 te
680 3190 1026 3274 pristinum
1084 3190 1371 3253 studium
1426 3187 1574 3251 addi
1626 3207 1839 3271 posse,
1894 3189 2111 3250 tamen

0 3293 49 3334 35
76 3277 203 3339 hac
246 3276 409 3340 mihi
455 3278 785 3342 adfinitate
828 3278 1124 3342 nuntiata
1166 3300 1299 3341 non
1353 3276 1595 3341 maiore
1641 3274 1939 3358 equidem
1983 3277 2113 3338 stu-

79 3364 208 3449 dio,
252 3365 366 3429 sed
401 3366 626 3451 acrius,
672 3367 973 3452 apertius,
1009 3365 1476 3453 significantius
1515 3363 1896 3451 dignitatem
1932 3365 2112 3427 tuam

77 3453 522 3519 defendissem.
