<?xml version="1.0" encoding="UTF-8"?>
<!DOCTYPE html PUBLIC "-//W3C//DTD XHTML 1.0 Transitional//EN"
    "http://www.w3.org/TR/xhtml1/DTD/xhtml1-transitional.dtd">
<html xmlns="http://www.w3.org/1999/xhtml" xml:lang="en" lang="en">
 <head>
  <title>
</title>
<meta http-equiv="Content-Type" content="text/html;charset=utf-8" />
  <meta name='ocr-system' content='tesseract 3.04.00' />
  <meta name='ocr-capabilities' content='ocr_page ocr_carea ocr_par ocr_line ocrx_word'/>
</head>
<body>
  <div class='ocr_page' id='page_1' title='image "./scriptaquaemans02mlgoog_0451.png"; bbox 0 0 2567 3884; ppageno 0'>
   <div class='ocr_carea' id='block_1_1' title="bbox 907 183 2233 253">
    <p class='ocr_par' dir='ltr' id='par_1_1' title="bbox 907 183 2233 253">
     <span class='ocr_line' id='line_1_1' title="bbox 907 183 2233 253; baseline 0.008 -16"><span class='ocrx_word' id='word_1_1' title='bbox 907 184 1124 238; x_wconf 79' lang='lat' dir='ltr'>LIBER</span> <span class='ocrx_word' id='word_1_2' title='bbox 1159 185 1262 238; x_wconf 79' lang='grc' dir='ltr'><strong>ΧΠ</strong></span> <span class='ocrx_word' id='word_1_3' title='bbox 1300 189 1385 253; x_wconf 86' lang='lat'><strong>24,</strong></span> <span class='ocrx_word' id='word_1_4' title='bbox 1424 189 1509 239; x_wconf 84' lang='lat'><strong>25.</strong></span> <span class='ocrx_word' id='word_1_5' title='bbox 2102 183 2233 248; x_wconf 82' lang='lat'><strong>359</strong></span> 
     </span>
    </p>
   </div>
   <div class='ocr_carea' id='block_1_2' title="bbox 119 326 2316 3581">
    <p class='ocr_par' dir='ltr' id='par_1_2' title="bbox 119 326 2316 3581">
     <span class='ocr_line' id='line_1_2' title="bbox 206 326 2237 410; baseline -0 -19"><span class='ocrx_word' id='word_1_6' title='bbox 206 349 336 392; x_wconf 90' lang='lat' dir='ltr'><strong>non</strong></span> <span class='ocrx_word' id='word_1_7' title='bbox 394 326 522 391; x_wconf 86' lang='lat' dir='ltr'><strong>fuit</strong></span> <span class='ocrx_word' id='word_1_8' title='bbox 584 330 840 390; x_wconf 91' lang='lat' dir='ltr'><strong>senatus</strong></span> <span class='ocrx_word' id='word_1_9' title='bbox 902 349 1110 410; x_wconf 91' lang='lat' dir='ltr'><strong>neque</strong></span> <span class='ocrx_word' id='word_1_10' title='bbox 1173 331 1453 410; x_wconf 88' lang='lat' dir='ltr'><strong>postero.</strong></span> <span class='ocrx_word' id='word_1_11' title='bbox 1545 326 2055 410; x_wconf 74' lang='lat' dir='ltr'><strong>Quinquatribus</strong></span> <span class='ocrx_word' id='word_1_12' title='bbox 2114 327 2237 391; x_wconf 87' lang='lat' dir='ltr'><strong>fre—</strong></span> 
     </span>
     <span class='ocr_line' id='line_1_3' title="bbox 211 415 2235 501; baseline -0.001 -21"><span class='ocrx_word' id='word_1_13' title='bbox 211 415 430 500; x_wconf 88' lang='lat' dir='ltr'><strong>quenti</strong></span> <span class='ocrx_word' id='word_1_14' title='bbox 485 419 710 478; x_wconf 90' lang='lat' dir='ltr'><strong>senatu</strong></span> <span class='ocrx_word' id='word_1_15' title='bbox 765 436 1020 479; x_wconf 90' lang='lat' dir='ltr'><strong>causam</strong></span> <span class='ocrx_word' id='word_1_16' title='bbox 1073 419 1254 480; x_wconf 90' lang='lat' dir='ltr'><strong>tuam</strong></span> <span class='ocrx_word' id='word_1_17' title='bbox 1310 416 1415 501; x_wconf 85' lang='lat' dir='ltr'><strong>egi</strong></span> <span class='ocrx_word' id='word_1_18' title='bbox 1472 437 1605 480; x_wconf 91' lang='lat' dir='ltr'><strong>non</strong></span> <span class='ocrx_word' id='word_1_19' title='bbox 1660 415 1864 479; x_wconf 84' lang='lat' dir='ltr'><strong>invita</strong></span> <span class='ocrx_word' id='word_1_20' title='bbox 1916 415 2235 500; x_wconf 83' lang='lat' dir='ltr'><strong>Minerva3</strong></span> 
     </span>
     <span class='ocr_line' id='line_1_4' title="bbox 213 502 2235 588; baseline 0 -22"><span class='ocrx_word' id='word_1_21' title='bbox 213 504 444 568; x_wconf 85' lang='lat' dir='ltr'><strong>etenim</strong></span> <span class='ocrx_word' id='word_1_22' title='bbox 480 524 557 566; x_wconf 96' lang='lat' dir='ltr'><strong>eo</strong></span> <span class='ocrx_word' id='word_1_23' title='bbox 594 503 736 586; x_wconf 90' lang='lat' dir='ltr'><strong>ipso</strong></span> <span class='ocrx_word' id='word_1_24' title='bbox 774 503 876 567; x_wconf 92' lang='lat' dir='ltr'><strong>die</strong></span> <span class='ocrx_word' id='word_1_25' title='bbox 913 507 1171 568; x_wconf 89' lang='lat' dir='ltr'><strong>senatus</strong></span> <span class='ocrx_word' id='word_1_26' title='bbox 1217 503 1519 588; x_wconf 84' lang='lat' dir='ltr'><strong>decrevit,</strong></span> <span class='ocrx_word' id='word_1_27' title='bbox 1562 507 1636 568; x_wconf 91' lang='lat' dir='ltr'><strong>ut</strong></span> <span class='ocrx_word' id='word_1_28' title='bbox 1671 502 1963 567; x_wconf 88' lang='lat' dir='ltr'><strong>Minerva</strong></span> <span class='ocrx_word' id='word_1_29' title='bbox 1997 507 2235 587; x_wconf 89' lang='lat' dir='ltr'><strong>nostra,</strong></span> 
     </span>
     <span class='ocr_line' id='line_1_5' title="bbox 211 589 2237 676; baseline 0 -23"><span class='ocrx_word' id='word_1_30' title='bbox 211 595 421 656; x_wconf 85' lang='lat' dir='ltr'><strong>custos</strong></span> <span class='ocrx_word' id='word_1_31' title='bbox 458 591 656 675; x_wconf 75' lang='lat' dir='ltr'><strong>urbiS‚</strong></span> <span class='ocrx_word' id='word_1_32' title='bbox 695 613 889 674; x_wconf 91' lang='lat' dir='ltr'><strong>quam</strong></span> <span class='ocrx_word' id='word_1_33' title='bbox 925 591 1121 655; x_wconf 92' lang='lat' dir='ltr'><strong>turbo</strong></span> <span class='ocrx_word' id='word_1_34' title='bbox 1152 591 1485 676; x_wconf 86' lang='lat' dir='ltr'><strong>deiecerat,</strong></span> <span class='ocrx_word' id='word_1_35' title='bbox 1520 591 1981 655; x_wconf 75' lang='lat' dir='ltr'><strong>restitueretur.</strong></span> <span class='ocrx_word' id='word_1_36' title='bbox 2028 589 2237 654; x_wconf 88' lang='lat' dir='ltr'><strong>Pansa</strong></span> 
     </span>
     <span class='ocr_line' id='line_1_6' title="bbox 157 679 2237 765; baseline 0 -23"><span class='ocrx_word' id='word_1_37' title='bbox 157 695 183 735; x_wconf 76' lang='lat'>5</span> <span class='ocrx_word' id='word_1_38' title='bbox 208 682 348 742; x_wconf 87' lang='lat' dir='ltr'><strong>tuas</strong></span> <span class='ocrx_word' id='word_1_39' title='bbox 392 679 643 744; x_wconf 87' lang='lat' dir='ltr'><strong>litteras</strong></span> <span class='ocrx_word' id='word_1_40' title='bbox 686 679 997 744; x_wconf 85' lang='lat' dir='ltr'><strong>recitavit.</strong></span> <span class='ocrx_word' id='word_1_41' title='bbox 1087 679 1327 765; x_wconf 87' lang='lat' dir='ltr'><strong>Magna</strong></span> <span class='ocrx_word' id='word_1_42' title='bbox 1371 683 1628 744; x_wconf 89' lang='lat' dir='ltr'><strong>senatus</strong></span> <span class='ocrx_word' id='word_1_43' title='bbox 1674 679 2053 763; x_wconf 83' lang='lat' dir='ltr'><strong>adprobatio</strong></span> <span class='ocrx_word' id='word_1_44' title='bbox 2090 700 2237 743; x_wconf 90' lang='lat' dir='ltr'><strong>con-</strong></span> 
     </span>
     <span class='ocr_line' id='line_1_7' title="bbox 210 766 2238 854; baseline 0 -24"><span class='ocrx_word' id='word_1_45' title='bbox 210 770 485 830; x_wconf 88' lang='lat' dir='ltr'><strong>secutast</strong></span> <span class='ocrx_word' id='word_1_46' title='bbox 553 788 699 830; x_wconf 92' lang='lat' dir='ltr'><strong>cum</strong></span> <span class='ocrx_word' id='word_1_47' title='bbox 773 788 1023 830; x_wconf 93' lang='lat' dir='ltr'><strong>summo</strong></span> <span class='ocrx_word' id='word_1_48' title='bbox 1091 789 1222 833; x_wconf 83' lang='lat' dir='ltr'><strong>meo</strong></span> <span class='ocrx_word' id='word_1_49' title='bbox 1285 767 1523 854; x_wconf 85' lang='lat' dir='ltr'><strong>gaudio</strong></span> <span class='ocrx_word' id='word_1_50' title='bbox 1584 772 1649 832; x_wconf 91' lang='lat' dir='ltr'><strong>et</strong></span> <span class='ocrx_word' id='word_1_51' title='bbox 1708 767 2059 832; x_wconf 87' lang='lat' dir='ltr'><strong>offensione</strong></span> <span class='ocrx_word' id='word_1_52' title='bbox 2116 766 2238 830; x_wconf 92' lang='lat' dir='ltr'><strong>Mi-</strong></span> 
     </span>
     <span class='ocr_line' id='line_1_8' title="bbox 151 854 2235 941; baseline 0 -24"><span class='ocrx_word' id='word_1_53' title='bbox 151 904 158 910; x_wconf 89' lang='lat'><strong>.</strong></span> <span class='ocrx_word' id='word_1_54' title='bbox 206 855 496 938; x_wconf 80' lang='lat' dir='ltr'><strong>notauri,</strong></span> <span class='ocrx_word' id='word_1_55' title='bbox 560 854 629 917; x_wconf 92' lang='lat' dir='ltr'><strong>id</strong></span> <span class='ocrx_word' id='word_1_56' title='bbox 688 858 784 918; x_wconf 87' lang='lat' dir='ltr'><strong>est</strong></span> <span class='ocrx_word' id='word_1_57' title='bbox 844 854 1083 918; x_wconf 86' lang='lat' dir='ltr'><strong>Calvisi</strong></span> <span class='ocrx_word' id='word_1_58' title='bbox 1142 859 1206 918; x_wconf 91' lang='lat' dir='ltr'><strong>et</strong></span> <span class='ocrx_word' id='word_1_59' title='bbox 1265 855 1489 941; x_wconf 81' lang='lat' dir='ltr'><strong>Tauri3</strong></span> <span class='ocrx_word' id='word_1_60' title='bbox 1548 856 1791 920; x_wconf 87' lang='lat' dir='ltr'><strong>factum</strong></span> <span class='ocrx_word' id='word_1_61' title='bbox 1848 855 1924 920; x_wconf 94' lang='lat' dir='ltr'><strong>de</strong></span> <span class='ocrx_word' id='word_1_62' title='bbox 1978 859 2043 919; x_wconf 91' lang='lat' dir='ltr'><strong>te</strong></span> <span class='ocrx_word' id='word_1_63' title='bbox 2090 876 2136 918; x_wconf 77' lang='grc' dir='ltr'><strong>ε.</strong></span> <span class='ocrx_word' id='word_1_64' title='bbox 2186 876 2235 918; x_wconf 84' lang='grc'>6.</span> 
     </span>
     <span class='ocr_line' id='line_1_9' title="bbox 207 939 2238 1028; baseline 0 -23"><span class='ocrx_word' id='word_1_65' title='bbox 207 941 650 1007; x_wconf 89' lang='lat' dir='ltr'><strong>honorificum.</strong></span> <span class='ocrx_word' id='word_1_66' title='bbox 741 939 1232 1027; x_wconf 85' lang='lat' dir='ltr'><strong>Postulabatur,</strong></span> <span class='ocrx_word' id='word_1_67' title='bbox 1291 947 1364 1007; x_wconf 93' lang='lat' dir='ltr'><strong>ut</strong></span> <span class='ocrx_word' id='word_1_68' title='bbox 1424 943 1619 1007; x_wconf 90' lang='lat' dir='ltr'><strong>etiam</strong></span> <span class='ocrx_word' id='word_1_69' title='bbox 1674 944 1773 1007; x_wconf 90' lang='lat' dir='ltr'><strong>illi</strong></span> <span class='ocrx_word' id='word_1_70' title='bbox 1830 946 2238 1028; x_wconf 83' lang='lat' dir='ltr'><strong>notarentur3</strong></span> 
     </span>
     <span class='ocr_line' id='line_1_10' title="bbox 209 1029 2307 1131; baseline 0 -38"><span class='ocrx_word' id='word_1_71' title='bbox 209 1030 320 1094; x_wconf 90' lang='lat' dir='ltr'><strong>sed</strong></span> <span class='ocrx_word' id='word_1_72' title='bbox 353 1029 562 1094; x_wconf 82' lang='lat' dir='ltr'><strong>Pansa</strong></span> <span class='ocrx_word' id='word_1_73' title='bbox 599 1031 989 1094; x_wconf 91' lang='lat' dir='ltr'><strong>clementior.</strong></span> <span class='ocrx_word' id='word_1_74' title='bbox 1076 1030 1239 1131; x_wconf 80' lang='lat' dir='ltr'><strong>Ego,</strong></span> <span class='ocrx_word' id='word_1_75' title='bbox 1284 1030 1378 1096; x_wconf 93' lang='lat' dir='ltr'><strong>mi</strong></span> <span class='ocrx_word' id='word_1_76' title='bbox 1417 1031 1739 1116; x_wconf 85' lang='lat' dir='ltr'><strong>Cornifici,</strong></span> <span class='ocrx_word' id='word_1_77' title='bbox 1786 1053 1915 1114; x_wconf 93' lang='lat' dir='ltr'><strong>quo</strong></span> <span class='ocrx_word' id='word_1_78' title='bbox 1963 1031 2065 1094; x_wconf 91' lang='lat' dir='ltr'><strong>die</strong></span> <span class='ocrx_word' id='word_1_79' title='bbox 2108 1031 2238 1114; x_wconf 90' lang='lat' dir='ltr'><strong>pri-</strong></span> <span class='ocrx_word' id='word_1_80' title='bbox 2274 1046 2307 1094; x_wconf 79' lang='lat'><strong>2</strong></span> 
     </span>
     <span class='ocr_line' id='line_1_11' title="bbox 128 1118 2238 1204; baseline 0 -23"><span class='ocrx_word' id='word_1_81' title='bbox 128 1136 182 1174; x_wconf 90' lang='lat'><strong>10</strong></span> <span class='ocrx_word' id='word_1_82' title='bbox 207 1140 386 1182; x_wconf 92' lang='lat' dir='ltr'><strong>mum</strong></span> <span class='ocrx_word' id='word_1_83' title='bbox 431 1118 500 1182; x_wconf 91' lang='lat' dir='ltr'><strong>in</strong></span> <span class='ocrx_word' id='word_1_84' title='bbox 544 1140 724 1202; x_wconf 88' lang='lat' dir='ltr'><strong>spem</strong></span> <span class='ocrx_word' id='word_1_85' title='bbox 768 1118 1089 1183; x_wconf 88' lang='lat' dir='ltr'><strong>libertatis</strong></span> <span class='ocrx_word' id='word_1_86' title='bbox 1136 1119 1461 1204; x_wconf 89' lang='lat' dir='ltr'><strong>ingressus</strong></span> <span class='ocrx_word' id='word_1_87' title='bbox 1507 1141 1649 1183; x_wconf 90' lang='lat' dir='ltr'><strong>sum</strong></span> <span class='ocrx_word' id='word_1_88' title='bbox 1687 1123 1751 1184; x_wconf 90' lang='lat' dir='ltr'><strong>et</strong></span> <span class='ocrx_word' id='word_1_89' title='bbox 1788 1119 2238 1183; x_wconf 79' lang='lat' dir='ltr'><strong>cunctantibus</strong></span> 
     </span>
     <span class='ocr_line' id='line_1_12' title="bbox 210 1205 2237 1292; baseline 0.001 -23"><span class='ocrx_word' id='word_1_90' title='bbox 210 1206 436 1278; x_wconf 90' lang='lat' dir='ltr'><strong>ceteris</strong></span> <span class='ocrx_word' id='word_1_91' title='bbox 496 1228 548 1270; x_wconf 90' lang='lat' dir='ltr'><strong>a.</strong></span> <span class='ocrx_word' id='word_1_92' title='bbox 597 1206 654 1270; x_wconf 94' lang='lat' dir='ltr'><strong>d.</strong></span> <span class='ocrx_word' id='word_1_93' title='bbox 700 1224 828 1270; x_wconf 84' lang='lat' dir='ltr'><strong>xm</strong></span> <span class='ocrx_word' id='word_1_94' title='bbox 881 1206 960 1270; x_wconf 90' lang='lat' dir='ltr'><strong>K.</strong></span> <span class='ocrx_word' id='word_1_95' title='bbox 1014 1205 1145 1270; x_wconf 92' lang='lat' dir='ltr'><strong>Ian.</strong></span> <span class='ocrx_word' id='word_1_96' title='bbox 1207 1207 1624 1272; x_wconf 84' lang='lat' dir='ltr'><strong>fundamenta</strong></span> <span class='ocrx_word' id='word_1_97' title='bbox 1680 1208 1803 1272; x_wconf 92' lang='lat' dir='ltr'><strong>ieci</strong></span> <span class='ocrx_word' id='word_1_98' title='bbox 1861 1208 1955 1272; x_wconf 86' lang='lat' dir='ltr'><strong>rei</strong></span> <span class='ocrx_word' id='word_1_99' title='bbox 2012 1217 2101 1292; x_wconf 80' lang='grc' dir='ltr'><strong>Ρ.“,</strong></span> <span class='ocrx_word' id='word_1_100' title='bbox 2160 1228 2237 1271; x_wconf 94' lang='grc'>60</span> 
     </span>
     <span class='ocr_line' id='line_1_13' title="bbox 207 1293 2240 1381; baseline 0.001 -23"><span class='ocrx_word' id='word_1_101' title='bbox 207 1295 349 1377; x_wconf 89' lang='lat' dir='ltr'><strong>ipso</strong></span> <span class='ocrx_word' id='word_1_102' title='bbox 398 1293 499 1358; x_wconf 86' lang='lat' dir='ltr'><strong>die</strong></span> <span class='ocrx_word' id='word_1_103' title='bbox 551 1294 808 1378; x_wconf 83' lang='lat' dir='ltr'><strong>providi</strong></span> <span class='ocrx_word' id='word_1_104' title='bbox 852 1295 1131 1358; x_wconf 92' lang='lat' dir='ltr'><strong>multum</strong></span> <span class='ocrx_word' id='word_1_105' title='bbox 1177 1299 1370 1378; x_wconf 91' lang='lat' dir='ltr'><strong>atque</strong></span> <span class='ocrx_word' id='word_1_106' title='bbox 1422 1295 1623 1359; x_wconf 88' lang='lat' dir='ltr'><strong>habui</strong></span> <span class='ocrx_word' id='word_1_107' title='bbox 1669 1297 1986 1360; x_wconf 90' lang='lat' dir='ltr'><strong>rationem</strong></span> <span class='ocrx_word' id='word_1_108' title='bbox 2034 1295 2240 1381; x_wconf 88' lang='lat' dir='ltr'><strong>digni-</strong></span> 
     </span>
     <span class='ocr_line' id='line_1_14' title="bbox 208 1382 2240 1467; baseline 0 -22"><span class='ocrx_word' id='word_1_109' title='bbox 208 1382 360 1446; x_wconf 90' lang='lat' dir='ltr'><strong>tatis</strong></span> <span class='ocrx_word' id='word_1_110' title='bbox 419 1386 594 1467; x_wconf 84' lang='lat' dir='ltr'><strong>tuae3</strong></span> <span class='ocrx_word' id='word_1_111' title='bbox 653 1383 817 1446; x_wconf 89' lang='lat' dir='ltr'><strong>mihi</strong></span> <span class='ocrx_word' id='word_1_112' title='bbox 877 1383 1048 1446; x_wconf 91' lang='lat' dir='ltr'><strong>enim</strong></span> <span class='ocrx_word' id='word_1_113' title='bbox 1107 1386 1204 1447; x_wconf 91' lang='lat' dir='ltr'><strong>est</strong></span> <span class='ocrx_word' id='word_1_114' title='bbox 1262 1383 1567 1448; x_wconf 88' lang='lat' dir='ltr'><strong>adsensus</strong></span> <span class='ocrx_word' id='word_1_115' title='bbox 1626 1388 1883 1448; x_wconf 88' lang='lat' dir='ltr'><strong>senatus</strong></span> <span class='ocrx_word' id='word_1_116' title='bbox 1944 1384 2020 1448; x_wconf 92' lang='lat' dir='ltr'><strong>de</strong></span> <span class='ocrx_word' id='word_1_117' title='bbox 2076 1383 2240 1467; x_wconf 89' lang='lat' dir='ltr'><strong>opti—</strong></span> 
     </span>
     <span class='ocr_line' id='line_1_15' title="bbox 207 1470 2239 1573; baseline 0 -40"><span class='ocrx_word' id='word_1_118' title='bbox 207 1470 434 1534; x_wconf 89' lang='lat' dir='ltr'><strong>nendis</strong></span> <span class='ocrx_word' id='word_1_119' title='bbox 478 1471 846 1553; x_wconf 83' lang='lat' dir='ltr'><strong>provinciis.</strong></span> <span class='ocrx_word' id='word_1_120' title='bbox 937 1471 1076 1536; x_wconf 90' lang='lat' dir='ltr'><strong>Nec</strong></span> <span class='ocrx_word' id='word_1_121' title='bbox 1121 1493 1272 1535; x_wconf 83' lang='lat' dir='ltr'><strong>vero</strong></span> <span class='ocrx_word' id='word_1_122' title='bbox 1293 1476 1544 1573; x_wconf 80' lang='lat' dir='ltr'><strong>postea</strong></span> <span class='ocrx_word' id='word_1_123' title='bbox 1589 1471 1808 1537; x_wconf 88' lang='lat' dir='ltr'><strong>destiti</strong></span> <span class='ocrx_word' id='word_1_124' title='bbox 1852 1472 2239 1537; x_wconf 84' lang='lat' dir='ltr'><strong>labefactare</strong></span> 
     </span>
     <span class='ocr_line' id='line_1_16' title="bbox 128 1559 2241 1659; baseline 0 -37"><span class='ocrx_word' id='word_1_125' title='bbox 128 1574 182 1614; x_wconf 85' lang='lat'><strong>15</strong></span> <span class='ocrx_word' id='word_1_126' title='bbox 211 1579 384 1642; x_wconf 88' lang='grc'>611111,</span> <span class='ocrx_word' id='word_1_127' title='bbox 448 1559 560 1659; x_wconf 83' lang='lat' dir='ltr'><strong>qui</strong></span> <span class='ocrx_word' id='word_1_128' title='bbox 613 1580 864 1622; x_wconf 91' lang='lat' dir='ltr'><strong>summa</strong></span> <span class='ocrx_word' id='word_1_129' title='bbox 918 1580 1064 1622; x_wconf 92' lang='lat' dir='ltr'><strong>cum</strong></span> <span class='ocrx_word' id='word_1_130' title='bbox 1119 1563 1232 1623; x_wconf 91' lang='lat' dir='ltr'><strong>tua</strong></span> <span class='ocrx_word' id='word_1_131' title='bbox 1285 1559 1523 1638; x_wconf 78' lang='lat' dir='ltr'><strong>iniuria</strong></span> <span class='ocrx_word' id='word_1_132' title='bbox 1575 1560 2090 1643; x_wconf 88' lang='lat' dir='ltr'><strong>contumeliaque</strong></span> <span class='ocrx_word' id='word_1_133' title='bbox 2144 1559 2241 1624; x_wconf 90' lang='lat' dir='ltr'><strong>rei</strong></span> 
     </span>
     <span class='ocr_line' id='line_1_17' title="bbox 207 1646 2241 1732; baseline 0.001 -23"><span class='ocrx_word' id='word_1_134' title='bbox 207 1668 268 1728; x_wconf 90' lang='lat' dir='ltr'><strong>p.</strong></span> <span class='ocrx_word' id='word_1_135' title='bbox 325 1646 725 1729; x_wconf 84' lang='lat' dir='ltr'><strong>provinciam</strong></span> <span class='ocrx_word' id='word_1_136' title='bbox 790 1668 1017 1731; x_wconf 86' lang='lat' dir='ltr'><strong>apsens</strong></span> <span class='ocrx_word' id='word_1_137' title='bbox 1076 1647 1428 1711; x_wconf 89' lang='lat' dir='ltr'><strong>obtinebat.</strong></span> <span class='ocrx_word' id='word_1_138' title='bbox 1525 1646 1754 1732; x_wconf 88' lang='lat' dir='ltr'><strong>Itaque</strong></span> <span class='ocrx_word' id='word_1_139' title='bbox 1818 1649 2074 1713; x_wconf 89' lang='lat' dir='ltr'><strong>crebras</strong></span> <span class='ocrx_word' id='word_1_140' title='bbox 2137 1647 2241 1712; x_wconf 85' lang='lat' dir='ltr'><strong>vel</strong></span> 
     </span>
     <span class='ocr_line' id='line_1_18' title="bbox 208 1734 2241 1834; baseline 0.001 -38"><span class='ocrx_word' id='word_1_141' title='bbox 208 1734 426 1834; x_wconf 87' lang='lat' dir='ltr'><strong>potius</strong></span> <span class='ocrx_word' id='word_1_142' title='bbox 473 1734 826 1810; x_wconf 83' lang='lat' dir='ltr'><strong>cotidianas</strong></span> <span class='ocrx_word' id='word_1_143' title='bbox 873 1735 1397 1818; x_wconf 88' lang='lat' dir='ltr'><strong>compellationes</strong></span> <span class='ocrx_word' id='word_1_144' title='bbox 1440 1757 1616 1799; x_wconf 89' lang='lat' dir='ltr'><strong>meas</strong></span> <span class='ocrx_word' id='word_1_145' title='bbox 1668 1758 1803 1800; x_wconf 91' lang='lat' dir='ltr'><strong>non</strong></span> <span class='ocrx_word' id='word_1_146' title='bbox 1846 1736 2000 1802; x_wconf 91' lang='lat' dir='ltr'><strong>tulit</strong></span> <span class='ocrx_word' id='word_1_147' title='bbox 2045 1757 2241 1819; x_wconf 88' lang='lat' dir='ltr'><strong>seque</strong></span> 
     </span>
     <span class='ocr_line' id='line_1_19' title="bbox 209 1821 2241 1908; baseline 0.001 -24"><span class='ocrx_word' id='word_1_148' title='bbox 209 1822 278 1884; x_wconf 93' lang='lat' dir='ltr'><strong>in</strong></span> <span class='ocrx_word' id='word_1_149' title='bbox 324 1821 552 1885; x_wconf 91' lang='lat' dir='ltr'><strong>urbem</strong></span> <span class='ocrx_word' id='word_1_150' title='bbox 598 1823 840 1906; x_wconf 91' lang='lat' dir='ltr'><strong>recepit</strong></span> <span class='ocrx_word' id='word_1_151' title='bbox 896 1823 1138 1886; x_wconf 86' lang='lat' dir='ltr'><strong>invitus</strong></span> <span class='ocrx_word' id='word_1_152' title='bbox 1197 1844 1405 1906; x_wconf 91' lang='lat' dir='ltr'><strong>neque</strong></span> <span class='ocrx_word' id='word_1_153' title='bbox 1460 1824 1671 1888; x_wconf 91' lang='lat' dir='ltr'><strong>solum</strong></span> <span class='ocrx_word' id='word_1_154' title='bbox 1716 1845 1855 1908; x_wconf 81' lang='lat' dir='ltr'><strong>spe,</strong></span> <span class='ocrx_word' id='word_1_155' title='bbox 1910 1824 2023 1888; x_wconf 92' lang='lat' dir='ltr'><strong>sed</strong></span> <span class='ocrx_word' id='word_1_156' title='bbox 2067 1828 2241 1887; x_wconf 91' lang='lat' dir='ltr'><strong>certa</strong></span> 
     </span>
     <span class='ocr_line' id='line_1_20' title="bbox 208 1909 2239 1994; baseline 0.001 -21"><span class='ocrx_word' id='word_1_157' title='bbox 208 1931 277 1974; x_wconf 90' lang='lat' dir='ltr'><strong>re</strong></span> <span class='ocrx_word' id='word_1_158' title='bbox 332 1909 462 1973; x_wconf 90' lang='lat' dir='ltr'><strong>iam</strong></span> <span class='ocrx_word' id='word_1_159' title='bbox 518 1913 582 1980; x_wconf 85' lang='lat' dir='ltr'><strong>et</strong></span> <span class='ocrx_word' id='word_1_160' title='bbox 635 1911 1036 1994; x_wconf 87' lang='lat' dir='ltr'><strong>possessione</strong></span> <span class='ocrx_word' id='word_1_161' title='bbox 1093 1911 1471 1976; x_wconf 88' lang='lat' dir='ltr'><strong>deturbatus</strong></span> <span class='ocrx_word' id='word_1_162' title='bbox 1526 1915 1623 1976; x_wconf 91' lang='lat' dir='ltr'><strong>est</strong></span> <span class='ocrx_word' id='word_1_163' title='bbox 1676 1933 1821 1976; x_wconf 91' lang='lat' dir='ltr'><strong>meo</strong></span> <span class='ocrx_word' id='word_1_164' title='bbox 1884 1912 2239 1976; x_wconf 90' lang='lat' dir='ltr'><strong>iustissimo</strong></span> 
     </span>
     <span class='ocr_line' id='line_1_21' title="bbox 127 1998 2243 2085; baseline 0.001 -25"><span class='ocrx_word' id='word_1_165' title='bbox 127 2016 180 2054; x_wconf 81' lang='lat'><strong>20</strong></span> <span class='ocrx_word' id='word_1_166' title='bbox 207 1998 790 2082; x_wconf 88' lang='lat' dir='ltr'><strong>honestissimoque</strong></span> <span class='ocrx_word' id='word_1_167' title='bbox 827 1999 1134 2063; x_wconf 80' lang='lat' dir='ltr'><strong>convicio,</strong></span> <span class='ocrx_word' id='word_1_168' title='bbox 1226 1998 1318 2063; x_wconf 85' lang='grc' dir='ltr'>Τ6</span> <span class='ocrx_word' id='word_1_169' title='bbox 1354 2003 1534 2063; x_wconf 90' lang='lat' dir='ltr'><strong>tuam</strong></span> <span class='ocrx_word' id='word_1_170' title='bbox 1572 2000 1955 2085; x_wconf 87' lang='lat' dir='ltr'><strong>dignitatem</strong></span> <span class='ocrx_word' id='word_1_171' title='bbox 1992 2021 2243 2063; x_wconf 88' lang='lat' dir='ltr'><strong>summa</strong></span> 
     </span>
     <span class='ocr_line' id='line_1_22' title="bbox 206 2086 2243 2171; baseline 0.001 -22"><span class='ocrx_word' id='word_1_172' title='bbox 206 2090 322 2149; x_wconf 88' lang='lat' dir='ltr'><strong>tua</strong></span> <span class='ocrx_word' id='word_1_173' title='bbox 364 2086 606 2150; x_wconf 84' lang='lat' dir='ltr'><strong>virtute</strong></span> <span class='ocrx_word' id='word_1_174' title='bbox 650 2087 932 2151; x_wconf 86' lang='lat' dir='ltr'><strong>tenuisse</strong></span> <span class='ocrx_word' id='word_1_175' title='bbox 984 2086 1481 2171; x_wconf 82' lang='lat' dir='ltr'><strong>provinciaeque</strong></span> <span class='ocrx_word' id='word_1_176' title='bbox 1524 2087 1883 2151; x_wconf 87' lang='lat' dir='ltr'><strong>honoribus</strong></span> <span class='ocrx_word' id='word_1_177' title='bbox 1928 2087 2243 2171; x_wconf 87' lang='lat' dir='ltr'><strong>amplissi-</strong></span> 
     </span>
     <span class='ocr_line' id='line_1_23' title="bbox 207 2173 1383 2262; baseline 0.001 -24"><span class='ocrx_word' id='word_1_178' title='bbox 207 2173 332 2238; x_wconf 91' lang='lat' dir='ltr'><strong>mis</strong></span> <span class='ocrx_word' id='word_1_179' title='bbox 379 2174 700 2238; x_wconf 90' lang='lat' dir='ltr'><strong>adfectum</strong></span> <span class='ocrx_word' id='word_1_180' title='bbox 746 2179 1074 2240; x_wconf 87' lang='lat' dir='ltr'><strong>vementer</strong></span> <span class='ocrx_word' id='word_1_181' title='bbox 1116 2176 1383 2262; x_wconf 80' lang='lat' dir='ltr'><strong>gaudeo,</strong></span> 
     </span>
     <span class='ocr_line' id='line_1_24' title="bbox 345 2259 2312 2350; baseline 0.002 -26"><span class='ocrx_word' id='word_1_182' title='bbox 345 2259 530 2337; x_wconf 86' lang='lat' dir='ltr'><strong>Quod</strong></span> <span class='ocrx_word' id='word_1_183' title='bbox 573 2265 639 2326; x_wconf 91' lang='lat' dir='ltr'><strong>te</strong></span> <span class='ocrx_word' id='word_1_184' title='bbox 683 2263 848 2326; x_wconf 88' lang='grc'>1111111</span> <span class='ocrx_word' id='word_1_185' title='bbox 895 2264 971 2327; x_wconf 93' lang='lat' dir='ltr'><strong>de</strong></span> <span class='ocrx_word' id='word_1_186' title='bbox 1019 2261 1402 2346; x_wconf 88' lang='lat' dir='ltr'><strong>Sempronio</strong></span> <span class='ocrx_word' id='word_1_187' title='bbox 1445 2284 1713 2350; x_wconf 75' lang='lat' dir='ltr'><strong>purgaS,</strong></span> <span class='ocrx_word' id='word_1_188' title='bbox 1767 2263 2012 2347; x_wconf 88' lang='lat' dir='ltr'><strong>accipio</strong></span> <span class='ocrx_word' id='word_1_189' title='bbox 2058 2285 2244 2327; x_wconf 82' lang='lat' dir='ltr'><strong>excu-</strong></span> <span class='ocrx_word' id='word_1_190' title='bbox 2280 2281 2312 2328; x_wconf 86' lang='lat'><strong>3</strong></span> 
     </span>
     <span class='ocr_line' id='line_1_25' title="bbox 209 2348 2245 2435; baseline 0.001 -23"><span class='ocrx_word' id='word_1_191' title='bbox 209 2348 550 2433; x_wconf 86' lang='lat' dir='ltr'><strong>sationem3</strong></span> <span class='ocrx_word' id='word_1_192' title='bbox 597 2349 724 2412; x_wconf 85' lang='lat' dir='ltr'><strong>fuit</strong></span> <span class='ocrx_word' id='word_1_193' title='bbox 759 2351 932 2415; x_wconf 91' lang='lat' dir='ltr'><strong>enim</strong></span> <span class='ocrx_word' id='word_1_194' title='bbox 972 2351 1136 2415; x_wconf 94' lang='lat' dir='ltr'><strong>illud</strong></span> <span class='ocrx_word' id='word_1_195' title='bbox 1171 2351 1495 2435; x_wconf 87' lang='lat' dir='ltr'><strong>quoddam</strong></span> <span class='ocrx_word' id='word_1_196' title='bbox 1532 2373 1789 2415; x_wconf 89' lang='lat' dir='ltr'><strong>caecum</strong></span> <span class='ocrx_word' id='word_1_197' title='bbox 1825 2356 2079 2434; x_wconf 88' lang='lat' dir='ltr'><strong>tempus</strong></span> <span class='ocrx_word' id='word_1_198' title='bbox 2117 2372 2245 2415; x_wconf 90' lang='lat' dir='ltr'><strong>ser-</strong></span> 
     </span>
     <span class='ocr_line' id='line_1_26' title="bbox 130 2436 2244 2526; baseline 0.002 -26"><span class='ocrx_word' id='word_1_199' title='bbox 130 2452 182 2492; x_wconf 82' lang='lat'><strong>25</strong></span> <span class='ocrx_word' id='word_1_200' title='bbox 211 2437 458 2500; x_wconf 85' lang='lat' dir='ltr'><strong>vitutis.</strong></span> <span class='ocrx_word' id='word_1_201' title='bbox 549 2436 693 2523; x_wconf 87' lang='lat' dir='ltr'><strong>Ego</strong></span> <span class='ocrx_word' id='word_1_202' title='bbox 747 2442 1010 2502; x_wconf 88' lang='lat' dir='ltr'><strong>tuorum</strong></span> <span class='ocrx_word' id='word_1_203' title='bbox 1065 2440 1483 2504; x_wconf 90' lang='lat' dir='ltr'><strong>consiliorum</strong></span> <span class='ocrx_word' id='word_1_204' title='bbox 1542 2444 1767 2504; x_wconf 87' lang='lat' dir='ltr'><strong>auctor</strong></span> <span class='ocrx_word' id='word_1_205' title='bbox 1812 2440 2244 2526; x_wconf 85' lang='lat' dir='ltr'><strong>dignitatique</strong></span> 
     </span>
     <span class='ocr_line' id='line_1_27' title="bbox 209 2523 2245 2610; baseline 0.002 -22"><span class='ocrx_word' id='word_1_206' title='bbox 209 2525 430 2588; x_wconf 87' lang='lat' dir='ltr'><strong>fautor</strong></span> <span class='ocrx_word' id='word_1_207' title='bbox 475 2523 678 2588; x_wconf 87' lang='lat' dir='ltr'><strong>iratus</strong></span> <span class='ocrx_word' id='word_1_208' title='bbox 731 2527 1134 2609; x_wconf 88' lang='lat' dir='ltr'><strong>temporibus</strong></span> <span class='ocrx_word' id='word_1_209' title='bbox 1179 2529 1247 2591; x_wconf 93' lang='lat' dir='ltr'><strong>in</strong></span> <span class='ocrx_word' id='word_1_210' title='bbox 1296 2526 1629 2592; x_wconf 77' lang='lat' dir='ltr'><strong>Graeciam</strong></span> <span class='ocrx_word' id='word_1_211' title='bbox 1676 2527 2009 2610; x_wconf 89' lang='lat' dir='ltr'><strong>desperata</strong></span> <span class='ocrx_word' id='word_1_212' title='bbox 2052 2528 2245 2592; x_wconf 89' lang='lat' dir='ltr'><strong>liber-</strong></span> 
     </span>
     <span class='ocr_line' id='line_1_28' title="bbox 209 2612 2245 2699; baseline 0.001 -24"><span class='ocrx_word' id='word_1_213' title='bbox 209 2616 344 2676; x_wconf 86' lang='lat' dir='ltr'><strong>tate</strong></span> <span class='ocrx_word' id='word_1_214' title='bbox 391 2612 712 2697; x_wconf 88' lang='lat' dir='ltr'><strong>rapiebar,</strong></span> <span class='ocrx_word' id='word_1_215' title='bbox 769 2636 913 2678; x_wconf 92' lang='lat' dir='ltr'><strong>cum</strong></span> <span class='ocrx_word' id='word_1_216' title='bbox 967 2636 1071 2679; x_wconf 92' lang='lat' dir='ltr'><strong>me</strong></span> <span class='ocrx_word' id='word_1_217' title='bbox 1118 2616 1351 2679; x_wconf 85' lang='lat' dir='ltr'><strong>etesiae</strong></span> <span class='ocrx_word' id='word_1_218' title='bbox 1398 2616 1581 2699; x_wconf 91' lang='lat' dir='ltr'><strong>quasi</strong></span> <span class='ocrx_word' id='word_1_219' title='bbox 1635 2616 1793 2679; x_wconf 91' lang='lat' dir='ltr'><strong>boni</strong></span> <span class='ocrx_word' id='word_1_220' title='bbox 1839 2616 2009 2680; x_wconf 84' lang='lat' dir='ltr'><strong>cives</strong></span> <span class='ocrx_word' id='word_1_221' title='bbox 2054 2616 2245 2680; x_wconf 91' lang='lat' dir='ltr'><strong>relin-</strong></span> 
     </span>
     <span class='ocr_line' id='line_1_29' title="bbox 210 2699 2245 2788; baseline 0.002 -25"><span class='ocrx_word' id='word_1_222' title='bbox 210 2704 516 2784; x_wconf 88' lang='lat' dir='ltr'><strong>quentem</strong></span> <span class='ocrx_word' id='word_1_223' title='bbox 571 2723 708 2765; x_wconf 90' lang='lat' dir='ltr'><strong>rem</strong></span> <span class='ocrx_word' id='word_1_224' title='bbox 751 2725 813 2785; x_wconf 95' lang='lat' dir='ltr'><strong>p.</strong></span> <span class='ocrx_word' id='word_1_225' title='bbox 859 2703 1165 2786; x_wconf 88' lang='lat' dir='ltr'><strong>prosequi</strong></span> <span class='ocrx_word' id='word_1_226' title='bbox 1208 2705 1584 2788; x_wconf 85' lang='lat' dir='ltr'><strong>noluerunt,</strong></span> <span class='ocrx_word' id='word_1_227' title='bbox 1639 2699 1980 2786; x_wconf 76' lang='lat' dir='ltr'><strong>austerque</strong></span> <span class='ocrx_word' id='word_1_228' title='bbox 2026 2703 2245 2767; x_wconf 85' lang='lat' dir='ltr'><strong>adver-</strong></span> 
     </span>
     <span class='ocr_line' id='line_1_30' title="bbox 208 2788 2245 2877; baseline 0.001 -25"><span class='ocrx_word' id='word_1_229' title='bbox 208 2811 320 2853; x_wconf 90' lang='lat' dir='ltr'><strong>sus</strong></span> <span class='ocrx_word' id='word_1_230' title='bbox 365 2788 648 2852; x_wconf 84' lang='lat' dir='ltr'><strong>maximo</strong></span> <span class='ocrx_word' id='word_1_231' title='bbox 684 2789 846 2854; x_wconf 90' lang='lat' dir='ltr'><strong>flatu</strong></span> <span class='ocrx_word' id='word_1_232' title='bbox 880 2812 985 2854; x_wconf 92' lang='lat' dir='ltr'><strong>me</strong></span> <span class='ocrx_word' id='word_1_233' title='bbox 1023 2790 1103 2854; x_wconf 92' lang='lat' dir='ltr'><strong>ad</strong></span> <span class='ocrx_word' id='word_1_234' title='bbox 1138 2792 1411 2855; x_wconf 90' lang='lat' dir='ltr'><strong>tribules</strong></span> <span class='ocrx_word' id='word_1_235' title='bbox 1455 2796 1604 2857; x_wconf 91' lang='lat' dir='ltr'><strong>tuos</strong></span> <span class='ocrx_word' id='word_1_236' title='bbox 1647 2791 1928 2877; x_wconf 88' lang='lat' dir='ltr'><strong>Regium</strong></span> <span class='ocrx_word' id='word_1_237' title='bbox 1974 2792 2245 2875; x_wconf 87' lang='lat' dir='ltr'><strong>rettulit,</strong></span> 
     </span>
     <span class='ocr_line' id='line_1_31' title="bbox 123 2877 2245 2962; baseline 0.001 -22"><span class='ocrx_word' id='word_1_238' title='bbox 123 2894 179 2932; x_wconf 80' lang='lat'><strong>30</strong></span> <span class='ocrx_word' id='word_1_239' title='bbox 209 2880 406 2960; x_wconf 88' lang='lat' dir='ltr'><strong>atque</strong></span> <span class='ocrx_word' id='word_1_240' title='bbox 450 2877 600 2940; x_wconf 90' lang='lat' dir='ltr'><strong>inde</strong></span> <span class='ocrx_word' id='word_1_241' title='bbox 646 2878 856 2942; x_wconf 84' lang='lat' dir='ltr'><strong>ventis</strong></span> <span class='ocrx_word' id='word_1_242' title='bbox 869 2929 886 2961; x_wconf 89' lang='lat'>‚</span> <span class='ocrx_word' id='word_1_243' title='bbox 933 2878 1126 2942; x_wconf 90' lang='lat' dir='ltr'><strong>remis</strong></span> <span class='ocrx_word' id='word_1_244' title='bbox 1172 2879 1240 2942; x_wconf 93' lang='lat' dir='ltr'><strong>in</strong></span> <span class='ocrx_word' id='word_1_245' title='bbox 1283 2879 1563 2962; x_wconf 88' lang='lat' dir='ltr'><strong>patriam</strong></span> <span class='ocrx_word' id='word_1_246' title='bbox 1612 2880 1788 2943; x_wconf 92' lang='lat' dir='ltr'><strong>omni</strong></span> <span class='ocrx_word' id='word_1_247' title='bbox 1832 2879 2245 2943; x_wconf 87' lang='lat' dir='ltr'><strong>festinatione</strong></span> 
     </span>
     <span class='ocr_line' id='line_1_32' title="bbox 206 2965 2246 3050; baseline 0.001 -22"><span class='ocrx_word' id='word_1_248' title='bbox 206 2966 553 3049; x_wconf 87' lang='lat' dir='ltr'><strong>properavi</strong></span> <span class='ocrx_word' id='word_1_249' title='bbox 596 2965 1038 3049; x_wconf 85' lang='lat' dir='ltr'><strong>postridieque</strong></span> <span class='ocrx_word' id='word_1_250' title='bbox 1082 2967 1151 3029; x_wconf 91' lang='lat' dir='ltr'><strong>in</strong></span> <span class='ocrx_word' id='word_1_251' title='bbox 1198 2989 1448 3030; x_wconf 90' lang='lat' dir='ltr'><strong>summa</strong></span> <span class='ocrx_word' id='word_1_252' title='bbox 1491 2967 1890 3050; x_wconf 91' lang='lat' dir='ltr'><strong>reliquorum</strong></span> <span class='ocrx_word' id='word_1_253' title='bbox 1936 2967 2246 3031; x_wconf 84' lang='lat' dir='ltr'><strong>servitute</strong></span> 
     </span>
     <span class='ocr_line' id='line_1_33' title="bbox 205 3052 2316 3138; baseline 0.001 -22"><span class='ocrx_word' id='word_1_254' title='bbox 205 3053 379 3117; x_wconf 89' lang='lat' dir='ltr'><strong>liber</strong></span> <span class='ocrx_word' id='word_1_255' title='bbox 424 3075 590 3117; x_wconf 89' lang='lat' dir='ltr'><strong>unus</strong></span> <span class='ocrx_word' id='word_1_256' title='bbox 636 3053 748 3117; x_wconf 85' lang='lat' dir='ltr'><strong>fui</strong></span> <span class='ocrx_word' id='word_1_257' title='bbox 803 3052 949 3118; x_wconf 87' lang='lat' dir='ltr'><strong>Sic</strong></span> <span class='ocrx_word' id='word_1_258' title='bbox 985 3076 1128 3117; x_wconf 92' lang='lat' dir='ltr'><strong>sum</strong></span> <span class='ocrx_word' id='word_1_259' title='bbox 1164 3054 1232 3118; x_wconf 94' lang='lat' dir='ltr'><strong>in</strong></span> <span class='ocrx_word' id='word_1_260' title='bbox 1269 3054 1630 3118; x_wconf 90' lang='lat' dir='ltr'><strong>Antonium</strong></span> <span class='ocrx_word' id='word_1_261' title='bbox 1668 3055 1977 3138; x_wconf 74' lang='lat' dir='ltr'><strong>invectus,</strong></span> <span class='ocrx_word' id='word_1_262' title='bbox 2023 3059 2097 3118; x_wconf 86' lang='lat' dir='ltr'><strong>ut</strong></span> <span class='ocrx_word' id='word_1_263' title='bbox 2134 3056 2245 3120; x_wconf 90' lang='lat' dir='ltr'><strong>ille</strong></span> <span class='ocrx_word' id='word_1_264' title='bbox 2281 3071 2316 3119; x_wconf 88' lang='lat'>4</span> 
     </span>
     <span class='ocr_line' id='line_1_34' title="bbox 206 3142 2245 3231; baseline 0.001 -27"><span class='ocrx_word' id='word_1_265' title='bbox 206 3163 342 3205; x_wconf 90' lang='lat' dir='ltr'><strong>non</strong></span> <span class='ocrx_word' id='word_1_266' title='bbox 405 3142 604 3205; x_wconf 86' lang='lat' dir='ltr'><strong>ferret</strong></span> <span class='ocrx_word' id='word_1_267' title='bbox 664 3163 1047 3225; x_wconf 91' lang='lat' dir='ltr'><strong>omnemque</strong></span> <span class='ocrx_word' id='word_1_268' title='bbox 1111 3164 1300 3206; x_wconf 91' lang='lat' dir='ltr'><strong>suum</strong></span> <span class='ocrx_word' id='word_1_269' title='bbox 1357 3143 1763 3206; x_wconf 87' lang='lat' dir='ltr'><strong>vinulentum</strong></span> <span class='ocrx_word' id='word_1_270' title='bbox 1825 3143 2111 3231; x_wconf 81' lang='lat' dir='ltr'><strong>furorem</strong></span> <span class='ocrx_word' id='word_1_271' title='bbox 2176 3143 2245 3207; x_wconf 93' lang='lat' dir='ltr'><strong>in</strong></span> 
     </span>
     <span class='ocr_line' id='line_1_35' title="bbox 204 3230 2246 3314; baseline 0.001 -21"><span class='ocrx_word' id='word_1_272' title='bbox 204 3252 313 3293; x_wconf 94' lang='lat' dir='ltr'><strong>me</strong></span> <span class='ocrx_word' id='word_1_273' title='bbox 359 3251 561 3294; x_wconf 91' lang='lat' dir='ltr'><strong>unum</strong></span> <span class='ocrx_word' id='word_1_274' title='bbox 607 3230 963 3295; x_wconf 74' lang='lat' dir='ltr'><strong>effunderet</strong></span> <span class='ocrx_word' id='word_1_275' title='bbox 1007 3253 1238 3314; x_wconf 91' lang='lat' dir='ltr'><strong>meque</strong></span> <span class='ocrx_word' id='word_1_276' title='bbox 1283 3234 1425 3294; x_wconf 89' lang='lat' dir='ltr'><strong>tum</strong></span> <span class='ocrx_word' id='word_1_277' title='bbox 1472 3231 1700 3295; x_wconf 91' lang='lat' dir='ltr'><strong>elicere</strong></span> <span class='ocrx_word' id='word_1_278' title='bbox 1745 3232 1940 3295; x_wconf 85' lang='lat' dir='ltr'><strong>vellet</strong></span> <span class='ocrx_word' id='word_1_279' title='bbox 1986 3231 2067 3295; x_wconf 91' lang='lat' dir='ltr'><strong>ad</strong></span> <span class='ocrx_word' id='word_1_280' title='bbox 2112 3253 2246 3296; x_wconf 89' lang='lat' dir='ltr'><strong>cae-</strong></span> 
     </span>
     <span class='ocr_line' id='line_1_36' title="bbox 119 3317 2246 3405; baseline 0.002 -25"><span class='ocrx_word' id='word_1_281' title='bbox 119 3333 175 3373; x_wconf 76' lang='grc'><strong>35</strong></span> <span class='ocrx_word' id='word_1_282' title='bbox 208 3317 310 3380; x_wconf 90' lang='lat' dir='ltr'><strong>dis</strong></span> <span class='ocrx_word' id='word_1_283' title='bbox 348 3339 623 3402; x_wconf 80' lang='lat' dir='ltr'><strong>causam,</strong></span> <span class='ocrx_word' id='word_1_284' title='bbox 668 3323 811 3382; x_wconf 91' lang='lat' dir='ltr'><strong>tum</strong></span> <span class='ocrx_word' id='word_1_285' title='bbox 855 3322 1205 3402; x_wconf 90' lang='lat' dir='ltr'><strong>temptaret</strong></span> <span class='ocrx_word' id='word_1_286' title='bbox 1249 3318 1518 3383; x_wconf 78' lang='lat' dir='ltr'><strong>insidiis,</strong></span> <span class='ocrx_word' id='word_1_287' title='bbox 1594 3317 1798 3394; x_wconf 84' lang='lat' dir='ltr'><strong>Quem</strong></span> <span class='ocrx_word' id='word_1_288' title='bbox 1836 3342 1956 3405; x_wconf 89' lang='lat' dir='ltr'><strong>ego</strong></span> <span class='ocrx_word' id='word_1_289' title='bbox 1994 3324 2246 3384; x_wconf 86' lang='lat' dir='ltr'><strong>ructan-</strong></span> 
     </span>
     <span class='ocr_line' id='line_1_37' title="bbox 205 3405 2246 3493; baseline 0.002 -24"><span class='ocrx_word' id='word_1_290' title='bbox 205 3409 344 3470; x_wconf 90' lang='lat' dir='ltr'><strong>tem</strong></span> <span class='ocrx_word' id='word_1_291' title='bbox 391 3410 455 3471; x_wconf 90' lang='lat' dir='ltr'><strong>et</strong></span> <span class='ocrx_word' id='word_1_292' title='bbox 500 3411 917 3472; x_wconf 82' lang='lat' dir='ltr'><strong>nauseantem</strong></span> <span class='ocrx_word' id='word_1_293' title='bbox 973 3406 1218 3470; x_wconf 89' lang='lat' dir='ltr'><strong>conieci</strong></span> <span class='ocrx_word' id='word_1_294' title='bbox 1271 3407 1341 3469; x_wconf 92' lang='lat' dir='ltr'><strong>in</strong></span> <span class='ocrx_word' id='word_1_295' title='bbox 1388 3406 1677 3471; x_wconf 85' lang='lat' dir='ltr'><strong>Caesaris</strong></span> <span class='ocrx_word' id='word_1_296' title='bbox 1722 3405 2060 3473; x_wconf 81' lang='lat' dir='ltr'><strong>Octaviani</strong></span> <span class='ocrx_word' id='word_1_297' title='bbox 2112 3410 2246 3493; x_wconf 89' lang='lat' dir='ltr'><strong>pla-</strong></span> 
     </span>
     <span class='ocr_line' id='line_1_38' title="bbox 203 3493 2246 3581; baseline 0.002 -24"><span class='ocrx_word' id='word_1_298' title='bbox 203 3515 342 3578; x_wconf 88' lang='lat' dir='ltr'><strong>gas.</strong></span> <span class='ocrx_word' id='word_1_299' title='bbox 433 3493 605 3558; x_wconf 90' lang='lat' dir='ltr'><strong>Puer</strong></span> <span class='ocrx_word' id='word_1_300' title='bbox 660 3496 832 3559; x_wconf 93' lang='lat' dir='ltr'><strong>enim</strong></span> <span class='ocrx_word' id='word_1_301' title='bbox 889 3495 1188 3580; x_wconf 86' lang='lat' dir='ltr'><strong>egregius</strong></span> <span class='ocrx_word' id='word_1_302' title='bbox 1241 3495 1635 3578; x_wconf 86' lang='lat' dir='ltr'><strong>praesidium</strong></span> <span class='ocrx_word' id='word_1_303' title='bbox 1680 3496 1806 3560; x_wconf 92' lang='lat' dir='ltr'><strong>sibi</strong></span> <span class='ocrx_word' id='word_1_304' title='bbox 1850 3497 2135 3581; x_wconf 91' lang='lat' dir='ltr'><strong>primum</strong></span> <span class='ocrx_word' id='word_1_305' title='bbox 2181 3503 2246 3564; x_wconf 90' lang='lat' dir='ltr'><strong>et</strong></span> 
     </span>
    </p>
   </div>
  </div>
 </body>
</html>
