2567 3884
281 169 370 232 20
1031 165 1542 221 EPISTULARUM

276 310 546 395 Pompei
604 311 788 397 fides,
845 332 1038 394 quam
1094 309 1172 374 de
1229 331 1333 374 me
1396 308 1652 374 Caesari
1711 308 1996 394 dederat,
2056 311 2125 374 et
2180 311 2322 374 fra-

277 398 398 463 tris
450 399 604 483 mei,
662 421 854 482 quam
907 398 1235 481 Pompeio.
1325 397 1532 462 Erant
1585 401 1919 483 praeterea
1968 398 2128 462 haec
2172 399 2320 462 ani-

276 487 732 552 madvertenda
794 487 864 551 in
928 487 1186 551 civitate
1199 538 1218 571 ,
1293 507 1455 570 quae
1518 489 1670 550 sunt
1732 486 1904 569 apud
1964 483 2319 551 Platonem

277 579 572 640 nostrum
635 576 873 659 scripta
945 574 1282 660 divinitae,
1358 574 1621 657 quales
1693 573 1771 637 in
1840 595 1919 638 re
1989 573 2319 658 publica

277 664 671 749 principes
726 666 1004 747 essent,
1064 661 1250 726 talis
1306 663 1649 747 reliquos
1696 661 1945 727 solere
1990 683 2154 726 esse
2200 662 2313 726 ci-
2374 679 2404 718 ⁵

279 773 423 817 ves.
513 751 836 816 Tenebam
893 750 1205 814 memoria
1261 750 1451 814 nobis
1515 749 1885 815 consulibus
1948 771 2025 814 ea
2080 750 2317 814 funda-

278 843 496 904 menta
548 841 716 904 iacta
767 839 898 903 iam
954 860 1034 902 ex
1077 838 1156 902 K.
1199 836 1516 902 Ianuariis
1562 838 1982 902 confirmandi
2026 842 2312 924 senatuS,

279 930 354 991 ut
397 929 720 992 neminem
776 927 1001 1004 mirari
1047 929 1373 1010 oporteret
1414 925 1625 991 Nonis
1668 925 2003 990 Decembr.
2048 929 2323 1012 tantum⁴

231 1031 234 1036 ·
279 1015 384 1080 vel
429 1015 627 1080 animi
671 1014 868 1079 fuisse
913 1015 983 1078 in
1027 1014 1143 1078 illo
1197 1013 1421 1078 ordine
1466 1014 1571 1079 vel
1623 1013 2025 1079 auctoritatis
2032 1065 2051 1100 ,
2104 1014 2310 1080 idem-

175 1386 240 1434 13

280 1125 404 1186 que
448 1103 863 1168 memineram
916 1102 1106 1166 nobis
1158 1103 1430 1187 privatis
1482 1123 1685 1186 usque
1730 1102 1813 1166 ad
1858 1101 2193 1167 Caesarem
2236 1106 2311 1168 et
2338 1121 2395 1164 111

278 1191 589 1255 Bibulum
634 1191 942 1275 consules,
989 1211 1136 1254 cum
1179 1190 1533 1255 sententiae
1576 1193 1835 1255 nostrae
1878 1212 2187 1275 magnum
2233 1191 2308 1255 in

279 1283 504 1343 senatu
547 1279 799 1364 pondus
841 1279 1178 1366 haberent,
1224 1300 1425 1343 unum
1470 1279 1604 1343 fere
1648 1300 1905 1352 sensum
1948 1279 2145 1343 fuisse
2191 1280 2309 1344 bo-

278 1389 511 1430 norum
549 1366 852 1432 omnium.
943 1366 1192 1451 Postea,
1229 1388 1375 1430 cum
1412 1370 1487 1430 tu
1519 1366 1901 1451 Hispaniam
1938 1367 2306 1432 citeriorem

280 1477 426 1518 cum
470 1455 741 1539 imperio
789 1455 1128 1540 optineres,
1173 1477 1381 1538 neque
1426 1477 1527 1519 res
1571 1455 1831 1539 publica
1866 1455 2157 1519 consules
2192 1455 2307 1520 ha—

277 1542 476 1629 beret,
523 1543 634 1607 sed
676 1547 1063 1608 mercatores
1103 1543 1582 1627 provinciarum
1626 1546 1693 1606 et
1742 1543 2129 1608 seditionum
2174 1565 2305 1608 ser·
2332 1559 2387 1603 1⁵

278 1653 394 1696 vos
431 1653 506 1694 ac
539 1632 888 1717 ministros,
933 1632 1086 1695 iecit
1123 1631 1384 1714 quidam
1421 1653 1602 1695 casus
1639 1634 1829 1715 caput
1864 1651 2079 1696 meum
2116 1632 2305 1715 quasi

279 1719 646 1783 certaminis
705 1741 894 1785 causa
953 1719 1024 1783 in
1085 1720 1363 1784 mediam
1427 1719 1903 1784 contentionem
1967 1719 2305 1786 dissensio-

277 1829 552 1891 nemque
597 1807 868 1873 civilem.
960 1807 1101 1884 Quo
1146 1807 1216 1871 in
1263 1807 1628 1872 discrimine
1674 1829 1820 1873 cum
1854 1807 2165 1872 mirificus
2210 1829 2305 1872 se-

277 1899 497 1982 natus,
561 1895 957 1960 incredibilis
1018 1893 1244 1959 Italiae
1307 1895 1539 1980 totius,
1604 1896 1949 1982 singularis
2011 1895 2303 1962 omnium

278 1984 599 2048 bonorum
658 2005 1000 2048 consensus
1057 1983 1128 2047 in
1179 2005 1284 2047 me
1338 1947 1577 2049 tuendo
1630 1984 1974 2069 extitisset,
2032 2005 2166 2048 non
2213 1984 2303 2048 di-
2330 2001 2383 2042 20

279 2094 446 2158 cam,
520 2072 677 2156 quid
746 2070 1048 2136 acciderit
1119 2068 1502 2158 (multorum
1574 2076 1671 2136 est
1742 2071 1914 2138 enim
1985 2075 2051 2137 et
2121 2073 2303 2137 varia

281 2160 385 2224 cul
383 2157 520 2246 pa),
575 2163 830 2224 tantum
875 2159 1083 2224 dicam
1128 2159 1335 2246 brevi,
1379 2181 1513 2225 non
1555 2160 1720 2224 mihi
1764 2160 2140 2246 exercitum,
2186 2160 2301 2225 sed

281 2249 472 2312 duces
532 2247 821 2312 defuisse.
910 2245 988 2311 In
1035 2270 1162 2332 quo
1222 2251 1297 2312 ut
1346 2244 1480 2313 iam
1524 2248 1610 2312 sit
1654 2249 1723 2312 in
1774 2249 1857 2312 iis
1912 2249 2123 2333 culpa,
2184 2249 2300 2333 qui

278 2357 382 2400 me
440 2359 574 2400 11011
632 2335 1076 2421 defenderunt,
1133 2358 1265 2401 non
1317 2336 1532 2401 minor
1585 2340 1681 2400 est
1726 2337 1795 2400 in
1838 2336 1949 2421 iis,
1997 2337 2111 2420 qui
2154 2337 2301 2401 reli-

280 2427 583 2508 querunt,
648 2427 729 2509 et,
785 2424 840 2488 si
895 2424 1232 2488 accusandi
1283 2428 1459 2510 sunt,
1522 2424 1579 2488 si
1642 2424 1755 2509 qui
1812 2425 2299 2510 pertimuerunt,
2328 2443 2385 2484 25

278 2512 490 2598 magis
543 2512 739 2575 etiam
793 2513 1325 2597 reprehendendi,
1382 2512 1437 2577 si
1492 2512 1605 2596 qui
1660 2535 1727 2576 se
1772 2513 2000 2576 timere
2044 2513 2301 2578 simula-

279 2604 446 2665 runt.
535 2598 710 2664 Illud
754 2601 1012 2684 quidem
1058 2604 1228 2664 certe
1271 2604 1567 2665 nostrum
1612 2600 1951 2665 consilium
1994 2600 2134 2664 iure
2166 2601 2303 2666 lau-
2552 2569 2554 2680 Ι

282 2689 561 2754 dandum
616 2692 744 2774 est,
795 2689 906 2772 qui
959 2710 1138 2753 meos
1193 2687 1363 2752 cives
1417 2691 1482 2752 et
1536 2711 1575 2752 a
1627 2710 1730 2752 me
1784 2692 2192 2754 conservatos
2236 2693 2301 2754 et
2552 2681 2554 2744 ἱ

278 2799 382 2842 1110
429 2799 680 2842 servare
736 2776 1052 2861 cupientis
1105 2776 1416 2860 spoliatos
1471 2775 1739 2840 ducibus
1794 2777 1993 2842 servis
2039 2777 2304 2841 armatis

280 2865 451 2930 obici
495 2865 814 2929 noluerim
863 2864 1295 2948 declararique
1339 2864 1693 2965 maluerim,
1740 2869 1979 2948 quanta
2023 2865 2121 2929 vis
2166 2886 2299 2930 esse
2326 2885 2383 2926 aa

278 2953 596 3037 potuisset
648 2953 718 3018 in
772 2974 1084 3016 consensu
1137 2952 1481 3038 bonorum,
1536 2952 1593 3016 si
1644 2953 1725 3016 iis
1778 2975 1899 3036 pro
1943 2975 2047 3018 me
2093 2956 2301 3018 stante

278 3063 566 3128 pugnare
623 3041 938 3126 licuisset,
998 3062 1144 3105 cum
1195 3040 1527 3104 adflictum
1582 3041 1861 3106 excitare
1916 3042 2300 3128 potuissent3

281 3150 556 3213 quorum
621 3126 880 3212 quidem
953 3129 1240 3192 animum
1302 3132 1376 3192 tu
1438 3151 1598 3194 non
1629 3129 2013 3214 perspexisti
2075 3129 2299 3215 solum,

281 3238 428 3280 cum
488 3218 564 3281 de
622 3237 726 3281 me
785 3238 1032 3318 ageres,
1097 3217 1209 3281 sed
1267 3216 1463 3281 etiam
1519 3217 1912 3282 confirmasti
1966 3221 2159 3303 atque
2212 3221 2300 3282 te-

176 3322 244 3370 14
278 3304 498 3368 nuisti.
589 3304 730 3381 Qua
791 3305 860 3368 in
925 3326 1112 3369 causa
1175 3302 1335 3390 (non
1395 3305 1590 3369 modo
1654 3327 1787 3370 non
1849 3305 2127 3392 negabo,
2192 3307 2301 3370 sed
2326 3325 2381 3366 35

208 3404 213 3408 “
283 3392 478 3457 etiam
515 3413 766 3476 semper
801 3396 866 3456 et
901 3393 1252 3457 meminero
1291 3395 1356 3456 et
1390 3393 1773 3476 praedicabo
1808 3391 2114 3481 libenter)
2152 3415 2301 3458 usus

281 3502 348 3544 es
385 3481 770 3564 quibusdam
813 3480 1232 3546 nobilissimis
1265 3478 1641 3546 hominibus
1674 3482 2054 3547 fortioribus
2099 3482 2169 3546 in
2202 3505 2304 3550 me
