2567 3884
257 701 292 748 4

327 188 463 251 468
826 186 1340 241 EPISTULARUM
1378 187 1598 241 LIBER
1633 188 1736 242 XV
1775 195 1857 243 21.

328 331 695 395 existimare
748 330 895 413 plus
951 351 1338 413 quemquam
1393 353 1431 393 a
1485 353 1552 395 se
1608 331 1750 415 ipso
1807 354 2000 415 quam
2053 354 2158 397 me
2205 354 2242 395 a
2295 336 2363 396 te

328 420 546 483 amari.
641 417 762 481 Cui
816 418 1076 501 quidem
1130 439 1251 502 ego
1309 420 1514 482 amori
1573 420 1823 483 utinam
1878 420 2107 484 ceteris
2167 420 2364 484 rebus

325 507 606 592 possem!
654 528 871 570 amore
916 510 1087 569 certe
1133 507 1534 589 respondebo
1544 558 1561 590 ‚
1609 529 1736 590 quo
1783 512 2000 573 tamen
2045 509 2190 592 ipso
2235 509 2364 572 tibi

328 596 580 659 confido
627 595 919 658 futurum
965 594 1135 657 satis,

460 682 527 748 N
528 704 653 746 unc
706 683 787 745 ad
841 682 1182 765 epistulam
1228 682 1417 745 venio
1426 732 1444 765 ‚
1505 682 1608 745 cui
1655 683 1911 765 copiose
1957 688 2022 748 et
2075 684 2366 748 suaviter
2425 703 2451 742 5

330 772 605 855 scriptae
664 771 829 834 nihil
888 774 984 833 est
1043 770 1217 853 quod
1274 770 1481 833 multa
1539 771 1974 854 respondeam.
2065 771 2366 835 Primum

330 860 503 923 enim
539 880 660 944 ego
707 859 851 922 illas
890 856 1087 921 Calvo
1133 856 1385 921 litteras
1429 858 1580 921 misi
1625 880 1756 923 non
1800 859 1947 943 plus
1985 881 2180 943 quam
2225 860 2366 944 haS,

331 970 489 1031 quas
534 968 706 1011 nunc
749 947 931 1032 legiS,
976 946 1351 1009 existimans
1397 946 1711 1031 exituras;
1758 948 1946 1011 aliter
1991 949 2165 1011 enim
2213 949 2368 1011 scri-

329 1036 543 1099 bimus
552 1086 569 1119 ,
624 1034 798 1119 quod
844 1056 953 1097 eos
998 1034 1187 1119 soIOS,
1234 1034 1469 1117 quibus
1513 1034 1836 1098 mittimus
1845 1086 1862 1119 ,
1923 1036 2137 1120 aliter,
2185 1037 2368 1119 quod

329 1124 571 1187 multos
614 1124 894 1186 lecturos
938 1125 1267 1206 putamus3
1315 1121 1541 1186 deinde
1587 1123 1921 1209 ingenium
1957 1124 2093 1188 eius
2138 1125 2367 1188 melio—
2397 1143 2450 1181 10

329 1212 511 1275 ribus
558 1211 760 1274 extuli
813 1210 1139 1294 laudibus,
1195 1232 1390 1293 quam
1441 1214 1516 1274 tu
1571 1211 1638 1274 id
1684 1233 1831 1275 vere
1876 1213 2165 1294 potuisse
2219 1214 2368 1276 fieri

329 1304 545 1383 putas,
590 1299 873 1383 primum
919 1299 1094 1381 quod
1137 1298 1231 1360 ita
1275 1298 1664 1363 iudicabam:
1709 1298 1917 1363 Acute
1961 1300 2367 1385 movebatur,

329 1408 533 1474 genus
569 1387 891 1470 quoddam
937 1385 1341 1470 sequebatur,
1387 1386 1455 1449 in
1493 1408 1620 1470 quo
1667 1387 1906 1451 iudicio
1950 1388 2187 1472 lapsuS,
2235 1411 2367 1472 quo

330 1475 613 1558 valebat,
667 1479 883 1539 tamen
942 1474 1438 1559 adsequebatur,
1498 1475 1673 1558 quod
1729 1475 2060 1561 probaret3
2119 1477 2368 1541 multae

331 1567 514 1627 erant
560 1566 625 1626 et
669 1562 1033 1626 reconditae
1078 1563 1352 1646 litterae,
1398 1562 1495 1625 vis
1541 1584 1673 1626 non
1719 1568 1882 1649 erat3
1928 1564 2010 1627 ad
2041 1586 2198 1628 -eam
2245 1566 2367 1651 igi-
2398 1582 2447 1620 1⁵

330 1655 439 1713 tur
484 1651 897 1735 adhortabar3
942 1652 1011 1714 in
1049 1650 1388 1714 excitando
1434 1655 1649 1714 autem
1687 1654 1752 1715 et
1796 1653 1864 1715 in
1902 1652 2188 1716 acuendo
2224 1654 2368 1736 plu-

332 1740 568 1802 rimum
614 1740 808 1823 valet,
865 1739 920 1802 si
963 1738 1184 1802 laudes
1230 1760 1404 1822 eum,
1464 1761 1654 1822 quem
1702 1740 2051 1803 cohortere.
2143 1740 2368 1805 Habes

332 1828 409 1891 de
440 1826 637 1890 Calvo
675 1827 985 1891 iudicium
1022 1831 1088 1889 et
1125 1826 1466 1890 consilium
1502 1849 1735 1911 meum,
1782 1828 2142 1911 consilium,
2191 1830 2368 1913 quod

330 1915 633 1979 hortandi
669 1937 859 1979 causa
892 1915 1165 1999 laudavi,
1212 1914 1540 1999 iudicium,
1588 1915 1762 1999 quod
1799 1916 1876 1979 de
1923 1916 2187 2002 ingenio
2227 1918 2368 1980 eius

332 2004 516 2067 valde
562 2004 924 2067 existimavi
971 2003 1149 2066 bene.
2397 2024 2445 2061 20

464 2091 813 2175 Reliquum
849 2095 963 2175 est,
1008 2095 1187 2154 tuam
1230 2091 1697 2174 profectionem
1734 2112 1952 2156 amore
1991 2112 2368 2177 prosequar,

333 2179 611 2242 reditum
650 2201 761 2263 spe
787 2183 1167 2263 exspectem,
1204 2179 1534 2244 absentem
1570 2180 1882 2242 memoria
1911 2180 2136 2263 colam,
2175 2202 2368 2245 omne

336 2266 722 2330 desiderium
755 2268 991 2331 litteris
1026 2266 1360 2330 mittendis
1397 2266 1909 2351 accipiendisque
1944 2268 2202 2332 leniam.
2265 2268 2369 2332 Tu

334 2354 529 2418 velim
583 2358 697 2417 tua
748 2356 817 2418 in
871 2377 974 2417 me
1030 2356 1241 2418 studia
1297 2359 1361 2419 et
1417 2356 1632 2418 officia
1683 2356 1962 2419 multum
2007 2360 2226 2420 tecum
2271 2379 2368 2421 re-

333 2441 609 2505 cordere.
702 2441 878 2518 Quae
916 2464 1060 2506 cum
1097 2443 1222 2507 tibi
1256 2444 1464 2527 liceat,
1508 2443 1672 2506 mihi
1707 2444 1887 2507 nefas
1925 2444 2010 2507 sit
2047 2445 2367 2527 oblivisci,
2395 2460 2445 2499 25

332 2550 464 2593 non
508 2530 701 2593 modo
738 2531 951 2594 virum
997 2530 1240 2594 bonum
1284 2552 1389 2595 me
1434 2530 1850 2615 existimabis,
1894 2554 2122 2595 verum
2169 2533 2368 2597 etiam

332 2623 397 2681 te
444 2642 482 2683 a
524 2640 629 2683 me
676 2620 876 2682 amari
920 2619 1272 2702 plurimum
1319 2619 1648 2683 iudicabis,
1728 2618 1908 2684 Vale.
