2567 3884
985 180 1202 233 LIBER
1236 180 1289 233 x
1326 186 1483 236 3-5.
1818 138 1821 143 ’
2119 180 2251 245 263

220 328 404 388 tanta
448 327 624 408 sunt,
658 326 751 386 ut
805 326 1060 407 praeter
1113 324 1349 389 bonam
1397 325 1634 389 famam
1679 324 1846 388 nihil
1892 325 2249 389 desiderare

222 413 574 477 videantur.
675 410 884 487 Quare
937 412 1063 475 hoc
1116 432 1318 476 unum
1363 413 1487 476 tibi
1541 413 1877 497 persuade,
1939 416 2252 497 quantum
2289 432 2321 479 3

221 501 468 565 viribus
527 499 717 584 eniti,
783 500 1051 564 consilio
1110 501 1479 585 providere,
1545 500 1927 564 auctoritate
1991 522 2252 565 monere

220 593 519 673 potuero,
574 588 699 651 hoc
754 610 941 651 omne
997 588 1090 652 rei
1146 612 1204 672 p.
1255 610 1506 673 semper
1560 590 1866 652 futurum.
1956 588 2109 654 Non
2156 593 2254 653 est

165 694 194 735 5
221 677 484 763 ignotus
529 676 693 739 mihi
729 697 950 740 sensus
988 680 1152 740 tuus,
1225 676 1481 761 Neque,
1528 676 1583 739 si
1631 677 1901 740 facultas
1950 676 2254 761 optabilis

219 766 383 829 mihi
430 764 690 848 quidem
734 765 832 828 tui
876 764 1230 848 praesentis
1276 768 1461 848 esset,
1506 786 1813 848 umquam
1858 788 1897 829 a
1939 766 2071 829 tuis
2108 787 2253 829 con-

221 854 384 917 siliis
424 853 850 935 discreparem
886 874 1004 916 nec
1029 874 1200 917 nunc
1228 854 1647 937 committam,
1694 857 1767 917 ut
1795 853 1999 917 ullum
2037 875 2254 917 meum
2333 878 2341 885 ·

220 943 462 1005 factum
507 941 969 1023 reprehendere
1014 942 1152 1005 iure
1188 942 1412 1025 possis.
1479 939 1637 1005 Sum
1673 942 1741 1004 in
1778 942 2253 1026 exspectatione
2288 959 2324 1008 4

222 1030 512 1094 omnium
558 1050 790 1114 rerum,
838 1029 995 1112 quid
1039 1029 1108 1092 in
1157 1028 1367 1093 Gallia
1413 1029 1728 1114 citeriore,
1776 1030 1935 1113 quid
1977 1030 2047 1093 in
2093 1030 2253 1094 urbe

139 1139 194 1177 ιο
222 1140 440 1182 mense
484 1114 783 1181 Ianuario
828 1120 1122 1203 geratur,
1168 1122 1241 1181 ut
1288 1118 1501 1181 sciam.
1590 1115 1861 1181 Interim
1905 1118 2255 1182 maximam

221 1206 330 1270 hic
383 1205 884 1269 sollicitudinem
940 1227 1283 1289 curamque
1339 1206 1651 1291 sustineO,
1704 1228 1786 1269 ne
1832 1206 2003 1270 inter
2047 1206 2255 1270 aliena

221 1294 382 1358 vitia
425 1294 546 1357 hae
591 1297 816 1380 gentes
859 1296 1082 1357 nostra
1127 1294 1297 1357 mala
1342 1316 1523 1358 suam
1568 1296 1798 1377 putent
1837 1294 2252 1359 occasionem.

223 1381 466 1458 Quodsi
511 1382 798 1466 proinde,
846 1385 918 1445 ut
956 1383 1093 1466 ipse
1130 1403 1397 1467 mereor,
1443 1381 1606 1446 mihi
1644 1383 2035 1467 successerit,
2083 1387 2254 1446 certe

223 1474 289 1534 et
334 1471 474 1555 tibi,
521 1470 624 1533 cui
669 1470 947 1534 maxime
986 1470 1193 1554 cupio,
1224 1474 1305 1534 >et
1343 1470 1642 1533 omnibus
1679 1470 1837 1533 viris
1873 1471 2061 1536 bonis
2100 1472 2256 1535 satis

141 1577 194 1618 15
222 1559 470 1622 faciam.
561 1557 690 1622 Fac
734 1558 946 1622 valeas
993 1580 1221 1643 meque
1267 1562 1496 1622 mutuo
1543 1558 1791 1645 diligas.

1199 1786 1279 1853 V.

624 1906 740 1963 Ser.
778 1907 986 1964 Romae
1021 1910 1156 1963 med.
1193 1926 1262 1963 m.
1301 1909 1428 1962 Iam.
1476 1925 1529 1962 α.
1570 1910 1675 1961 711
1717 1910 1856 1976 (43).

901 2029 1157 2085 CICERO
1195 2028 1484 2084 PLANCO
1524 2029 1577 2084 S.

356 2174 554 2237 Binas
609 2196 647 2237 a
698 2176 764 2237 te
819 2174 1034 2258 accepi
1093 2174 1346 2237 litteras
1405 2173 1631 2237 eodem
1690 2173 1983 2256 exemplo
1997 2223 2015 2257 ,
2082 2173 2256 2256 quod

145 2282 200 2322 20
225 2262 438 2347 ipsum
493 2266 871 2348 argumento
927 2261 1090 2326 mihi
1143 2262 1270 2325 fuit
1318 2261 1689 2347 diligentiae
1734 2264 1908 2347 tuae3
1965 2262 2255 2325 intellexi

227 2351 398 2413 enim
443 2353 508 2413 te
551 2350 876 2433 laborare,
922 2354 994 2414 ut
1041 2350 1123 2413 ad
1166 2371 1269 2413 me
1313 2350 1478 2414 mihi
1525 2349 2107 2432 exspectatissimae
2152 2351 2255 2414 lit-

223 2441 399 2501 terae
443 2438 896 2521 perferrentur.
987 2437 1091 2501 Ex
1138 2438 1375 2522 quibus
1420 2438 1561 2521 cepi
1606 2438 1888 2501 fructum
1936 2438 2255 2522 duplicem

225 2526 514 2608 mihique
585 2526 654 2589 in
726 2526 1204 2610 comparatione
1268 2526 1602 2590 difficilem
1673 2526 1756 2589 ad
1827 2526 2256 2609 iudicandum,

226 2634 592 2677 amoremne
638 2636 790 2700 erga
834 2636 938 2679 me
982 2618 1169 2678 tuum
1214 2637 1297 2678 an
1344 2615 1631 2678 animum
1667 2614 1735 2677 in
1773 2635 1909 2677 rem
1952 2638 2013 2697 p.
2050 2614 2255 2697 pluris

145 2720 198 2761 25
226 2701 693 2765 aestimandum
727 2706 1036 2785 putarem.
1110 2702 1232 2766 Est
1269 2703 1533 2766 omnino
1569 2702 1815 2786 patriae
1843 2702 2075 2765 caritas
2111 2723 2255 2765 meo

227 2790 487 2873 quidem
546 2790 783 2854 iudicio
829 2792 1134 2875 maxima,
1194 2791 1306 2854 sed
1351 2812 1534 2854 amor
1576 2790 2056 2873 voluntatisque
2112 2811 2258 2852 con-

226 2878 471 2942 iunctio
534 2878 681 2962 plus
740 2882 909 2943 certe
977 2879 1174 2943 habet
1233 2878 1585 2943 suavitatis
1688 2876 1915 2960 Itaque
1985 2898 2257 2940 comme-

225 2966 503 3030 moratio
563 2970 676 3030 tua
737 2970 1039 3052 paternae
1097 2966 1588 3031 necessitudinis
1647 2964 2257 3049 benevolentiaeque

225 3055 381 3139 eiuS,
428 3074 621 3139 quam
667 3076 822 3141 erga
865 3078 968 3119 me
1015 3078 1052 3119 a
1096 3055 1376 3139 pueritia
1422 3055 1829 3138 contulisses,
1877 3056 2258 3117 ceterarum-

142 3162 196 3202 ao
227 3165 349 3227 que
405 3165 646 3227 rerum,
703 3166 864 3227 quae
919 3144 1000 3206 ad
1055 3165 1196 3207 eam
1241 3142 1626 3207 sententiam
1670 3141 2107 3227 pertinebant,
2164 3142 2259 3205 in-

225 3231 596 3295 credibilem
641 3232 804 3297 mihi
847 3231 1163 3296 laetitiam
1219 3231 1606 3316 attulerunt3
1666 3252 1853 3294 rusus
1910 3230 2256 3294 declaratio

224 3319 424 3383 animi
469 3321 584 3403 tui,
633 3342 824 3405 quem
877 3320 1148 3383 haberes
1195 3320 1273 3383 de
1319 3342 1389 3383 re
1432 3343 1492 3403 p.
1543 3340 1861 3403 quemque
1914 3318 2257 3382 habiturus

221 3430 417 3490 esses,
471 3408 634 3472 mihi
680 3414 817 3472 erat
869 3408 1356 3493 iucundissima3
1414 3430 1617 3492 eoque
1662 3408 1871 3471 maior
1915 3410 2054 3471 erat
2099 3407 2259 3472 haec

219 3496 495 3579 laetitia,
552 3497 726 3579 quod
781 3496 862 3561 ad
915 3497 1030 3560 illa
1083 3497 1415 3581 superiora
1469 3496 1824 3561 accedebat.
1916 3494 2143 3581 Itaque
2190 3500 2257 3561 te
