2567 3884
333 187 465 250 242
1086 185 1602 240 EPISTULARUM

1275 398 1417 465 XV.

685 519 798 575 Ser.
838 519 1044 574 Romae
1081 536 1149 576 m.
1188 521 1375 574 intere.
1407 520 1595 588 priore
1630 539 1682 576 a.
1723 523 1835 574 708
1874 523 2010 588 (46).

1037 641 1292 697 CICERO
1328 641 1569 696 PAETO
1608 641 1661 697 S.

468 767 736 832 Duabus
782 767 912 830 tuis
958 767 1251 850 epistulis
1297 767 1694 851 respondebo
1704 818 1721 851 ,
1776 767 1915 850 uni,
1970 788 2163 850 quam
2211 789 2362 850 qua-

339 855 566 920 driduo
614 860 761 919 ante
807 875 1173 939 acceperam
1219 878 1257 918 a
1301 855 1523 940 Zetho,
1568 855 1771 939 alteri,
1818 877 2011 938 quam
2056 855 2361 919 attulerat
2413 875 2438 914 5

334 943 630 1008 Phileros
665 943 1053 1008 tabellarius,
1114 943 1217 1006 Ex
1251 943 1578 1027 prioribus
1614 943 1744 1007 tuis
1787 943 2023 1007 litteris
2069 943 2359 1007 intellexi

335 1035 702 1118 pergratam
730 1030 854 1094 tibi
881 1052 1016 1095 esse
1045 1052 1262 1094 curam
1299 1053 1507 1095 meam
1544 1030 1928 1096 valetudinis
1964 1034 2130 1116 tuae,
2168 1053 2360 1114 quam

336 1121 461 1184 tibi
504 1123 902 1204 perspectam
937 1141 1074 1182 esse
1117 1118 1393 1205 gaudeo3
1439 1120 1565 1204 sed,
1609 1119 1774 1183 mihi
1809 1119 2009 1203 crede,
2054 1139 2186 1182 non
2222 1141 2361 1203 per-

339 1208 521 1292 inde,
586 1211 659 1272 ut
718 1211 815 1271 est
873 1228 1122 1291 reapse,
1198 1229 1277 1271 ex
1347 1208 1583 1272 litteris
1649 1207 2007 1291 perspicere
2068 1207 2358 1291 potuisti.

335 1295 524 1379 Nam,
570 1317 715 1359 cum
761 1317 799 1358 a
843 1295 997 1358 satis
1041 1295 1264 1358 multis
1311 1291 1470 1382 (non
1515 1295 1686 1359 enim
1730 1316 1992 1379 possum
2036 1295 2226 1359 aliter
2270 1295 2359 1359 di-
2388 1314 2441 1353 10

339 1381 508 1468 cere)
564 1387 628 1446 et
683 1383 808 1446 coli
861 1404 965 1446 me
1008 1382 1258 1447 videam
1314 1388 1379 1447 et
1434 1383 1644 1470 diligi,
1703 1405 1891 1447 nemo
1947 1387 2044 1446 est
2098 1383 2361 1447 illorum

341 1471 627 1534 omnium
670 1470 833 1534 mihi
870 1475 935 1534 te
971 1471 1326 1535 iucundior.
1375 1470 1563 1556 Nam,
1602 1471 1775 1554 quod
1808 1492 1913 1535 me
1949 1490 2140 1555 amas,
2188 1471 2362 1554 quod

340 1559 407 1622 id
461 1561 526 1621 et
579 1559 707 1622 iam
760 1559 1009 1643 pridem
1065 1562 1130 1623 et
1183 1563 1550 1623 constanter
1601 1559 1784 1644 faciS,
1844 1562 1941 1622 est
1986 1559 2053 1622 id
2099 1559 2359 1643 quidem

338 1669 645 1732 magnum
691 1650 883 1731 atque
927 1647 1100 1710 haud
1145 1648 1276 1711 scio
1324 1671 1407 1711 an
1451 1647 1821 1731 maximum,
1867 1646 1979 1710 sed
2023 1647 2147 1710 tibi
2194 1668 2361 1710 com-

338 1756 530 1798 mune
568 1755 713 1798 cum
757 1735 1005 1820 multis3
1051 1735 1225 1819 quod
1269 1739 1343 1799 tu
1387 1736 1525 1820 ipse
1568 1739 1703 1799 tam
1748 1734 2054 1799 amandus
2099 1757 2166 1798 es
2202 1739 2361 1798 tam-
2390 1752 2441 1792 15

340 1844 462 1907 que
519 1823 720 1886 dulcis
773 1826 1032 1906 tamque
1088 1823 1156 1886 in
1215 1824 1392 1887 omni
1449 1845 1682 1910 genere
1739 1823 2078 1908 iucundus,
2138 1823 2206 1886 id
2266 1826 2363 1886 est

338 1911 596 1994 proprie
631 1915 832 1975 tuum.
891 1910 1222 1974 Accedunt
1256 1933 1389 1976 non
1423 1911 1645 1996 Attici,
1684 1911 1794 1975 sed
1829 1911 2127 1975 salsiores
2167 1933 2361 1995 quam

338 1999 436 2062 illi
473 1998 842 2062 Atticorum
885 1998 1162 2063 Romani
1198 2003 1445 2063 veteres
1482 1963 1673 2083 atqu⁷e
1709 1999 1940 2063 urbani
1978 1999 2154 2062 sales.
2216 1999 2361 2085 Ego

339 2091 552 2151 autem
608 2085 962 2173 (existimes
1005 2087 1159 2150 licet
1205 2085 1569 2174 quidlubet)
1623 2087 1893 2151 mirifice
1939 2087 2157 2172 capior
2201 2087 2363 2150 face-

339 2175 448 2239 tiis
502 2176 780 2239 maxime
835 2175 1256 2259 nostratibus,
1316 2175 1695 2260 praesertim
1751 2197 1895 2239 cum
1950 2196 2055 2238 eas
2109 2175 2362 2239 videam
2390 2193 2441 2233 20

336 2263 619 2347 primum
667 2264 901 2327 oblitas
944 2263 1132 2327 Latio
1178 2266 1336 2347 tum,
1384 2285 1529 2328 cum
1565 2264 1634 2327 in
1670 2264 1897 2327 urbem
1941 2266 2228 2328 nostram
2267 2266 2363 2326 est

339 2351 551 2414 infusa
593 2351 1034 2437 peregrinitaS,
1079 2373 1250 2414 nunc
1285 2373 1438 2416 vero
1477 2352 1672 2418 etiam
1708 2351 1983 2415 bracatis
2028 2354 2092 2414 et
2138 2351 2366 2415 Trans-
2562 2375 2564 2432 1

341 2437 573 2521 alpinis
616 2438 1004 2524 nationibuS,
1049 2443 1124 2503 ut
1166 2440 1418 2503 nullum
1468 2439 1701 2504 veteris
1745 2439 1983 2523 leporis
2021 2439 2365 2524 vestigium

341 2530 658 2610 appareat.
747 2491 1004 2611 Itaque,
1046 2531 1110 2590 te
1157 2548 1303 2590 cum
1350 2528 1565 2611 video,
1613 2527 1820 2592 omnis
1864 2527 2028 2590 mihi
2076 2525 2363 2611 GraniOS,

342 2614 550 2678 omnis
593 2613 892 2698 Lucilios,
938 2636 1085 2678 vere
1131 2618 1204 2678 ut
1251 2615 1474 2699 dicam,
1524 2613 1785 2679 Crassos
1821 2636 2076 2699 quoque
2113 2619 2177 2678 et
2212 2615 2366 2678 Lae·
2394 2629 2443 2671 25

339 2703 462 2766 lios
517 2703 732 2767 videre
787 2666 1025 2767 videor.
1113 2701 1383 2788 Moriar,
1446 2703 1501 2765 si
1553 2707 1807 2787 praeter
1861 2707 1926 2767 te
1982 2724 2367 2787 quemquam

339 2791 659 2874 reliquum
703 2791 928 2875 habeo,
979 2791 1048 2853 in
1093 2812 1220 2874 quo
1265 2791 1508 2874 possim
1555 2791 1902 2877 imaginem
1952 2791 2256 2874 antiquae
2302 2794 2367 2854 et

339 2879 714 2942 vernaculae
758 2878 1128 2942 festivitatis
1166 2878 1569 2964 adgnoscere.
1634 2878 1740 2942 Ad
1774 2879 1895 2943 hos
1932 2879 2184 2963 lepores
2224 2900 2368 2942 cum

339 2989 520 3030 amor
573 2988 726 3052 erga
779 2988 882 3030 me
926 2970 1144 3029 tantus
1199 2967 1481 3051 accedat,
1534 2967 1789 3030 miraris
1842 2989 1947 3031 me
2002 2969 2185 3030 tanta
2229 2988 2369 3051 per-

338 3055 708 3118 turbatione
762 3054 1146 3117 valetudinis
1199 3058 1349 3118 tuae
1401 3059 1536 3118 tam
1588 3055 1875 3140 graviter
1929 3055 2365 3118 exanimatum
2394 3073 2445 3111 ⁸0

269 3160 302 3207 3
341 3143 584 3206 fuisse?-
627 3141 812 3217 Quod
857 3145 1070 3206 autem
1118 3143 1320 3205 altera
1364 3143 1640 3226 epistula
1684 3165 1925 3229 purgas
1971 3147 2035 3206 te
2081 3165 2213 3206 non
2252 3143 2372 3205 dis-

342 3252 665 3294 suasorem
709 3230 872 3293 mihi
919 3230 1262 3314 emptionis
1299 3229 1767 3315 Neapolitanae
1813 3231 2027 3316 fuisse,
2074 3230 2187 3295 sed
2232 3252 2373 3294 auc-

341 3321 547 3382 torem
601 3317 1084 3403 moderationis,
1141 3317 1411 3403 urbane,
1469 3341 1676 3402 neque
1731 3341 1851 3405 ego
1898 3320 2085 3383 aliter
2132 3319 2371 3403 accepi3

342 3405 633 3468 intellexi
679 3409 896 3469 tamen
941 3406 1138 3489 idem,
1194 3407 1370 3490 quod
1422 3407 1525 3471 his
1572 3407 1877 3493 intellego
1922 3407 2188 3492 litteris,
2242 3428 2371 3471 non

343 3493 738 3557 existimasse
782 3497 848 3558 te
892 3494 1056 3558 mihi
1100 3494 1311 3580 licere,
1358 3494 1426 3558 id
1468 3495 1641 3579 quod
1677 3516 1797 3582 ego
1846 3494 2225 3580 arbitrabar,
2272 3516 2372 3559 res
2399 3509 2451 3550 ³⁵
