2567 3884
928 211 1146 264 LIBER
1182 211 1234 265 V
1271 217 1357 266 20.
2026 210 2153 275 135

253 354 424 420 Nam
480 354 557 419 de
614 354 926 419 sestertiis
981 353 1327 440 nongentis
1383 354 1650 418 milibus
1705 357 1875 418 certe
1921 354 2014 417 ita
2059 375 2155 418 re-

115 443 327 506 latum
372 446 493 527 est,
549 446 622 506 ut
666 446 740 505 tu
787 442 923 507 sive
967 442 1170 506 frater
1222 445 1374 505 tuus
1421 442 1647 506 referri
1692 441 1915 506 voluit.
2010 440 2155 526 Sed,

118 531 174 594 si
223 530 382 615 quid
423 534 539 614 661,
585 530 892 614 quoniam
939 530 1016 593 de
1053 531 1099 614 †
1134 530 1364 615 logaeo
1401 552 1631 614 parum
1671 530 1999 616 gravisum
2037 534 2152 613 661,

119 619 299 703 quod
351 640 503 718 ego·
526 618 595 681 in
653 618 1014 682 rationibus
1074 618 1424 682 referendis
1483 618 1679 682 etiam
1733 638 1905 681 nunc
1959 618 2153 681 corri-

57 725 87 765 5
118 729 274 793 gere
322 706 602 791 possim,
663 706 739 771 de
794 727 870 770 eo
891 705 1114 790 1111111,
1174 706 1481 789 quoniam
1540 709 1797 770 senatus
1857 705 2150 770 consulto

117 817 254 859 non
307 817 451 858 sum
505 816 682 878 usus,
743 794 902 878 quid
952 815 1068 877 per
1120 792 1297 879 leges
1342 793 1560 879 liceat,
1622 793 2150 858 considerandum

117 887 234 947 est.
299 882 391 946 Te
428 886 598 946 certe
634 883 702 946 111
739 883 786 966 †
819 882 1126 966 pecuniae
1173 885 1431 946 exactae
1476 883 1569 946 ita
1614 883 1839 948 efferre
1877 904 1957 946 ex
1990 882 2152 945 meis

115 971 481 1035 rationibus
517 969 736 1034 relatis
771 991 902 1034 non
931 969 1235 1053 oportuit,
1270 969 1398 1033 nisi
1436 970 1594 1053 quid
1628 992 1731 1034 me
1768 970 1965 1056 fallit3
2001 973 2152 1033 sunt

116 1059 294 1123 enim
338 1059 451 1121 alii
494 1058 848 1142 peritiores.
929 1056 1102 1121 Illud
1137 1078 1288 1122 cave
1336 1058 1608 1142 dubites,
1656 1058 1814 1143 quin
1859 1079 1981 1144 ego
2019 1079 2152 1121 om-

31 1167 88 1206 10
118 1148 232 1211 nia
276 1147 539 1230 faciam,
586 1168 747 1230 quae
794 1146 1100 1210 interesse
1145 1149 1258 1209 tua
1302 1149 1414 1209 aut
1460 1146 1655 1211 etiam
1700 1147 1866 1210 velle
1910 1148 1976 1210 te
2022 1145 2152 1210 exi-

116 1236 409 1318 stimem,
455 1235 511 1298 si
556 1235 690 1298 ullo
736 1234 929 1298 modo
975 1235 1182 1297 facere
1226 1234 1486 1317 possim.

256 1321 444 1398 Quod
497 1322 724 1390 scribis
771 1322 846 1386 de
893 1321 1246 1405 beneficiis,
1303 1322 1465 1386 scito
1513 1343 1551 1384 a
1593 1343 1697 1385 me
1744 1324 1809 1385 61
1853 1321 2153 1385 tribunos
2187 1337 2222 1403 51

114 1411 437 1475 militares
474 1414 538 1473 et
572 1411 930 1494 praefectos
967 1414 1031 1474 et
1068 1409 1558 1474 contubernales
1605 1409 1938 1473 dumtaxat
1974 1431 2152 1474 meos

119 1498 372 1563 delatos
409 1519 560 1561 esse.
632 1496 710 1561 In
747 1519 876 1581 quo
915 1498 1174 1582 quidem
1209 1519 1313 1562 me
1360 1498 1527 1561 ratio
1572 1497 1829 1582 fefellit3
1873 1497 2153 1561 liberum

31 1606 87 1645 15
119 1587 298 1651 enim
368 1585 531 1649 mihi
603 1589 858 1669 tempus
928 1586 1011 1648 ad
1073 1607 1184 1649 eos
1258 1585 1632 1650 deferendos
1705 1585 2153 1650 existimabam

122 1674 293 1758 dari,
340 1677 586 1757 postea-
609 1674 846 1738 certior
889 1695 1032 1738 sum
1077 1674 1284 1737 factus
1329 1673 1601 1760 triginta
1646 1673 1872 1737 diebus
1919 1673 2153 1738 deferri

117 1783 378 1826 11666666
415 1783 568 1845 6666,
604 1761 851 1845 quibus
887 1762 1167 1826 rationes
1213 1762 1591 1825 retulissem
1675 1759 1839 1825 Sane
1883 1761 2153 1825 moleste

117 1850 250 1915 tuli
294 1871 427 1913 non
479 1849 593 1913 illa
638 1849 947 1913 beneficia
990 1854 1138 1913 tuae
1182 1849 1401 1933 potius
1446 1849 1787 1913 ambitioni
1832 1853 2154 1913 reservata

119 1959 264 2003 esse
309 1959 503 2021 quam
546 1959 743 2022 meae,
789 1938 902 2021 qui
947 1937 1301 2001 ambitione
1346 1937 1513 2001 nihil
1557 1941 1788 2002 uterer.
1878 1937 1976 2001 De
2014 1958 2154 2001 cen-

32 2046 90 2085 so
119 2026 496 2091 tul-ionibus
552 2029 769 2089 tamen
822 2029 887 2089 et
933 2026 1009 2089 de
1053 2025 1465 2089 tribunorum
1508 2025 1889 2089 militarium
1934 2029 2155 2090 contu-

120 2113 500 2179 bernalibus
554 2135 654 2177 res
708 2117 806 2176 est
851 2114 920 2176 in
965 2113 1247 2199 integro3
1305 2135 1509 2200 genus
1552 2113 1725 2176 enim
1768 2113 2004 2177 horum
2048 2114 2155 2178 be-

119 2203 506 2267 neficiorum
553 2201 890 2265 definitum
934 2201 1077 2287 lege
1124 2223 1256 2265 non
1301 2205 1454 2264 erat.

262 2289 612 2390 Reliquum
655 2291 752 2352 est
799 2290 876 2353 de
922 2289 1233 2352 sestertiis
1281 2293 1537 2353 centum
1572 2289 1856 2374 milibus,
1902 2289 1979 2353 de
2017 2290 2154 2374 qui-
2192 2304 2224 2352 8

121 2379 252 2442 bus
313 2377 580 2441 memini
640 2377 804 2441 mihi
863 2399 900 2440 a
957 2381 1023 2440 16
1080 2376 1338 2460 Myrina
1398 2377 1649 2441 litteras
1712 2399 1849 2442 esse
1911 2378 2155 2461 allatas,

37 2485 93 2525 25
123 2488 264 2531 non
315 2465 446 2529 mei
501 2465 721 2548 errati,
782 2465 896 2528 sed
945 2465 1072 2549 tui3
1131 2465 1200 2528 in
1254 2486 1384 2550 quo
1441 2469 1774 2549 peccatum
1818 2465 2159 2530 videbatur

123 2576 294 2637 esse,
341 2554 396 2617 si
440 2554 634 2617 modo
681 2557 842 2637 erat,
897 2515 1116 2616 fratris
1159 2553 1258 2616 tui
1306 2557 1370 2617 et
1414 2553 1603 2617 Tulli.
1695 2551 1852 2637 Sed,
1899 2573 2045 2617 cum
2089 2553 2159 2617 id

124 2642 371 2727 corrigi
425 2662 558 2705 non
610 2644 855 2725 posset,
914 2641 1092 2725 quod
1144 2641 1272 2705 iam
1321 2641 1629 2725 depositis
1672 2641 2033 2705 rationibus
2076 2661 2157 2704 ex

122 2729 463 2830 provincia
509 2693 908 2813 decessimus,
953 2729 1143 2792 credo
1187 2751 1292 2793 me
1337 2730 1597 2814 quidem
1641 2729 1766 2792 tibi
1800 2750 1921 2812 pro
1957 2728 2157 2792 animi

123 2818 260 2883 mei
314 2817 647 2882 voluntate
698 2838 944 2901 proque
1000 2839 1074 2881 66
1127 2838 1239 2900 spe
1296 2817 1706 2902 facultatum,
1768 2839 1963 2918 quam
2016 2820 2158 2879 tum

39 2928 96 2966 so
125 2905 547 2989 habebamus,
607 2927 799 2989 quam
845 2904 1305 2969 humanissime
1347 2904 1687 2990 potuerim,
1732 2903 2159 2988 rescripsisse3

127 2995 246 3059 sed
280 3015 488 3077 neque
522 2995 664 3057 tum
699 3015 803 3057 me
838 2993 1238 3057 humanitate
1273 2993 1638 3057 litterarum
1672 3014 1960 3056 mearum
1998 2991 2159 3056 obli-

124 3086 360 3170 gatum
402 3084 563 3164 puto
607 3102 815 3182 neque
858 3103 962 3145 me
1006 3085 1186 3144 tuam
1229 3081 1423 3145 hodie
1468 3080 1805 3164 epistolam
1854 3080 1930 3144 de
1965 3078 2078 3143 HS
2114 3093 2158 3148 O

128 3171 227 3235 sic
271 3169 605 3254 accepisse,
650 3173 724 3232 ut
758 3169 808 3233 11
844 3169 1183 3253 accipiunt,
1228 3169 1466 3252 quibus
1500 3168 1808 3252 epistolae
1852 3189 1968 3251 per
2000 3168 2161 3232 haec

126 3265 428 3349 tempora
483 3257 790 3321 molestae
849 3261 1014 3321 sunt.
1121 3256 1330 3320 Simul
1386 3257 1550 3320 illud
1607 3256 1889 3342 cogitare
1950 3256 2157 3340 (161166,
2197 3273 2229 3320 9

42 3366 98 3407 65
128 3369 237 3412 1116
287 3367 542 3410 6111116111
587 3345 948 3429 pecuniam,
1003 3367 1166 3429 quae
1211 3345 1295 3408 ad
1336 3365 1439 3408 me
1485 3344 1678 3408 salvis
1722 3345 1976 3430 legibus
2021 3365 2160 3428 per-

128 3434 433 3518 venisset,
476 3432 720 3518 Ephesi
763 3434 936 3517 apud
976 3433 1355 3518 publicanos
1402 3433 1792 3518 deposuisse3
1852 3433 1921 3496 id
1962 3433 2160 3497 fuisse

127 3523 263 3588 HS
295 3485 519 3610 [iih13
566 3543 706 3585 eam
742 3543 998 3586 omnem
1025 3521 1362 3605 pecuniam
1386 3520 1768 3606 Pompeium
1804 3522 2159 3586 abstulisse.

2225 3608 2463 3659 rs*

2186 3659 2222 3696 f
