2567 3884
981 158 1196 211 LIBER
1233 160 1284 213 V
1324 166 1407 227 12,
1450 166 1531 213 13.
2128 159 2254 223 123

353 296 453 363 Ac
485 322 568 363 ne
604 300 777 364 forte
812 300 1062 387 mirere,
1109 323 1238 386 cur,
1286 324 1433 366 cum
1469 302 1632 366 mihi
1678 323 1863 386 saepe
1902 302 2256 366 ostenderis

215 391 284 451 te
341 388 818 452 accuratissime
880 392 1250 453 nostrorum
1315 395 1679 475 temporum
1738 391 2004 454 consilia
2062 394 2254 474 atque

215 479 489 539 eventus
531 476 771 540 litteris
815 478 1284 563 mandaturum,
1331 500 1369 542 a
1406 483 1471 543 te
1507 479 1575 542 id
1619 500 1791 542 nunc
1833 482 2015 542 tanto
2062 499 2253 562 opere

215 567 286 627 et
339 568 478 627 tam
529 564 756 627 multis
808 564 1024 629 verbis
1077 570 1397 652 petamus,
1457 565 1570 630 illa
1623 588 1741 631 nos
1798 566 2113 649 cupiditas
2158 566 2253 629 in-

163 668 189 708 5
215 652 453 737 cendit,
501 652 579 715 de
625 674 752 737 qua
794 652 984 717 initio
1021 654 1266 739 scripsi,
1311 654 1759 740 festinationis,
1806 654 1979 737 quod
2014 654 2253 717 alacres

214 740 437 804 animo
493 762 739 825 sumus,
799 744 874 804 ut
928 743 992 804 et
1047 742 1242 806 ceteri
1297 742 1664 807 viventibus
1707 741 1897 806 nobis
1942 763 2022 805 ex
2064 741 2253 805 libris

212 827 350 892 tuis
386 850 509 892 nos
546 832 936 915 cognoscant
982 833 1045 893 et
1091 835 1344 894 nosmet
1380 831 1505 914 ipsi
1541 831 1674 895 vivi
1709 830 1987 917 gloriola
2029 833 2253 893 nostra

211 917 644 1001 perfruamur.
734 915 858 980 His
921 917 997 981 de
1059 919 1252 982 rebus
1317 919 1474 1002 quid
1526 924 1784 982 acturus
1840 918 1950 1003 siS,
2016 917 2073 980 si
2124 918 2250 980 tibi

211 1026 350 1069 non
396 1008 496 1069 est
531 1006 892 1089 molestum,
938 1006 1250 1070 rescribas
1285 1006 1449 1070 mihi
1484 1008 1695 1071 velim.
1790 1005 1859 1070 Si
1896 1006 2067 1069 enim
2118 1027 2251 1069 sus·

144 1112 190 1151 ιο
215 1093 382 1177 cipis
433 1114 715 1177 causam,
763 1093 1096 1157 conficiam
1142 1096 1637 1159 commentarios
1682 1116 1897 1158 rerum
1944 1094 2249 1177 omnium,

213 1180 319 1245 sin
377 1184 596 1245 autem
655 1181 872 1245 differs
928 1203 1032 1245 me
1090 1182 1159 1245 in
1212 1186 1467 1265 tempus
1522 1184 1721 1268 aliud,
1777 1204 1992 1246 coram
2036 1186 2250 1246 tecum

210 1269 462 1352 loquar.
555 1268 654 1333 Tu
717 1269 962 1333 interea
988 1327 991 1331 .
1017 1291 1150 1333 non
1209 1270 1485 1334 cessabis
1544 1275 1608 1334 et
1668 1292 1766 1355 ea,
1831 1292 1993 1354 quae
2049 1270 2249 1333 habes

212 1357 546 1442 instituta,
591 1358 912 1441 perpolies
955 1379 1200 1442 nosque
1247 1358 1493 1444 diliges

1143 1602 1319 1667 XIII.

143 1736 186 1777 15
315 1724 428 1779 Sor.
471 1724 712 1779 Asturae
749 1731 850 1779 aut
884 1726 949 1777 in
984 1723 1505 1863 Απίεέοξίιὲιὲῑῧαηο
1540 1742 1608 1778 m.
1648 1724 1823 1778 Mart.
1870 1731 1972 1778 aut
2008 1723 2147 1792 Apr.

1044 1812 1096 1849 a.
1355 1814 1383 1849 ο
1418 1840 1427 1849 .

625 1916 701 1971 Μ.
741 1915 996 1971 CICERO
1036 1916 1089 1971 S.
1127 1916 1193 1970 Ι).
1232 1915 1293 1970 L.
1331 1916 1635 1971 LUCCEIO
1675 1916 1738 1981 Q.
1776 1916 1837 1972 F.

349 2058 753 2143 Quamquam
796 2060 938 2144 ipsa
982 2060 1335 2123 consolatio
1380 2060 1744 2124 litterarum
1789 2064 2047 2123 tuarum
2082 2059 2246 2122 mihi

213 2147 584 2235 gratissima
640 2150 736 2212 est
790 2145 1099 2234 (declarat
1145 2148 1317 2212 enim
1372 2170 1688 2212 summam
1732 2145 2245 2211 benevolentiam

140 2257 190 2297 ευ
215 2236 627 2301 coniunctam
679 2236 821 2320 pari
873 2233 1271 2323 prudentia),
1330 2238 1547 2300 tamen
1600 2236 1785 2299 illum
1838 2236 2122 2300 fructum
2166 2258 2248 2299 ex

215 2325 298 2388 iis
349 2324 589 2387 litteris
645 2324 748 2388 vel
800 2323 1155 2387 maximum
1210 2324 1375 2408 cepi,
1432 2325 1606 2408 quod
1657 2328 1723 2387 te
1777 2324 2100 2408 praeclare
2144 2346 2246 2389 res

213 2412 529 2475 humanas
601 2415 1115 2476 contemnentem
1179 2417 1244 2476 et
1308 2416 1571 2495 optume
1634 2416 1857 2476 contra
1918 2413 2246 2476 fortunam

213 2504 514 2585 paratum
567 2503 1012 2583 armatumque
1067 2500 1368 2585 cognovi3
1428 2520 1620 2583 quam
1675 2500 1934 2584 quidem
1990 2501 2246 2564 laudem

217 2588 568 2673 sapientiae
615 2592 828 2652 statuo
876 2610 1010 2652 esse
1056 2588 1434 2672 maximam,
1492 2610 1625 2651 non
1670 2588 1925 2652 aliunde
1969 2588 2245 2671 pendere

141 2695 191 2735 25
215 2698 334 2741 nec
387 2676 792 2740 extrinsecus
835 2680 947 2741 aut
1000 2676 1162 2739 bene
1217 2680 1328 2739 aut
1385 2676 1553 2739 male
1597 2676 1855 2740 vivendi
1910 2690 2266 2759 suspensas·

214 2764 454 2829 habere
511 2764 808 2828 rationes
902 2762 1077 2839 Quae
1138 2764 1446 2850 cogitatio
1508 2785 1653 2827 cum
1706 2763 1869 2827 mihi
1922 2784 2053 2827 non
2114 2784 2246 2825 om-

215 2852 372 2917 nino
432 2852 772 2916 excidisset
831 2848 1100 2939 (etenim
1157 2851 1413 2935 penitus
1468 2849 1848 2937 insederat),
1909 2850 1975 2914 vi
2028 2854 2246 2913 tamen

216 2943 672 3024 tempestatum
718 2944 782 3003 et
828 2960 1140 3005 concursu
1187 2940 1624 3003 calamitatum
1669 2943 1806 3003 erat
1844 2938 2245 3021 aliquantum

215 3028 601 3092 labefactata
655 3031 846 3112 atque
903 3027 1234 3111 convulsa3
1294 3027 1398 3091 cui
1451 3030 1515 3090 te
1572 3026 1877 3111 opitulari
1938 3030 2003 3089 et
2058 3025 2243 3089 video

143 3135 192 3175 zo
217 3120 283 3181 et
327 3116 396 3180 id
439 3116 664 3180 fecisse
709 3116 903 3180 etiam
947 3115 1261 3200 proximis
1305 3114 1541 3179 litteris
1586 3114 1990 3196 multumque
2035 3113 2246 3197 profe-

216 3205 378 3269 cisse
423 3203 646 3267 senti0.
734 3202 962 3287 Itaque
1000 3203 1127 3267 hoc
1162 3203 1413 3287 saepius
1452 3202 1790 3265 dicendum
1826 3201 2077 3284 tibique
2113 3222 2245 3264 non

199 3291 708 3380 'significandum
753 3293 988 3375 solum,
1045 3291 1156 3354 sed
1199 3292 1396 3354 etiam
1451 3289 1899 3353 declarandum
1945 3289 2244 3372 arbitror,

2292 934 2356 981 10

95 3370 122 3397 ⁸
217 3380 382 3444 nihil
425 3378 589 3443 mihi
635 3388 770 3444 esse
811 3378 1098 3464 potuisse
1142 3379 1274 3441 tuis
1318 3377 1554 3441 litteris
1599 3377 1863 3463 gratius
1945 3375 2052 3440 Ad
2098 3399 2243 3441 con·
2282 3394 2313 3440 3

219 3466 554 3553 solandum
599 3468 812 3531 autem
858 3488 1004 3531 cum
1040 3466 1154 3529 illa
1187 3466 1420 3549 valent,
1468 3486 1629 3549 quae
1667 3466 1995 3551 eleganter
2032 3466 2245 3549 copio-

178 3550 323 3639 ffl-
