2567 3884
1002 144 1219 257 L1BER
1255 204 1358 259 XV
1395 210 1444 259 4.
2098 206 2228 270 451

195 344 397 429 volui,
445 344 619 428 quod
664 349 851 409 antea
894 346 1320 431 neglexeram,
1368 351 1432 410 et
1479 368 1624 411 eum
1669 348 1999 433 honorem,
2045 350 2158 432 qui
2195 372 2232 413 a

196 436 429 497 senatu
466 432 670 496 tribui
707 434 898 497 rebus
934 434 1183 497 beHicis
1220 436 1411 519 solet,
1455 436 1820 521 neglectum
1858 456 1896 499 a
1931 458 2034 499 me
2073 437 2231 500 olim

196 542 373 585 nunc
416 520 580 584 mihi
626 522 1051 605 expetendum
1094 527 1271 606 puto.

333 607 509 672 Huic
550 630 731 672 meae
774 610 1120 695 voluntati,
1165 611 1235 673 in
1281 631 1409 693 qua
1453 609 1622 673 inest
1666 609 1881 693 aliqua
1925 610 2022 674 vis
2071 611 2229 675 desi-

145 716 171 756 5
200 696 364 760 derii
411 696 492 759 ad
538 696 889 760 sanandum
932 698 1165 774 vulnus
1219 698 1518 780 iniuriae,
1573 701 1646 761 ut
1690 698 1904 762 faveas
1949 698 2230 763 adiutor-

198 806 325 868 que
372 785 491 868 siS,
538 784 713 867 quod
755 784 947 868 paulo
995 788 1142 849 ante
1187 808 1290 850 me
1336 806 1639 871 negaram
1675 788 2080 871 rogaturum,
2125 808 2229 850 ve—

196 876 452 936 menter
503 875 569 935 te
624 894 783 959 rogo
793 923 811 957 ,
872 873 983 935 sed
1034 874 1157 957 ita,
1216 874 1271 937 si
1326 895 1457 937 non
1512 874 1800 937 ieiunum
1842 874 1968 937 hoc
2011 874 2226 938 nescio

197 960 375 1044 quid,
423 960 597 1043 quod
640 982 761 1046 ego
806 961 994 1046 gessi,
1040 964 1103 1023 et
1150 962 1685 1025 contemnendum
1730 961 2071 1046 videbitur,
2117 962 2227 1026 sed

198 1048 329 1111 tale
369 1051 561 1131 atque
605 1050 876 1132 tantum,
922 1052 997 1112 ut
1040 1049 1231 1112 multi
1276 1070 1681 1133 nequaquam
1724 1049 1988 1133 paribus
2034 1050 2228 1113 rebus

121 1157 172 1196 ιο
197 1137 480 1199 honores
542 1157 827 1199 summos
884 1158 923 1198 a
980 1141 1205 1200 senatu
1269 1138 1593 1201 consecuti
1655 1137 1802 1201 sint.
1905 1136 2226 1221 Equidem

199 1224 399 1287 etiam
443 1222 606 1286 illud
648 1224 811 1287 mihi
857 1223 1142 1288 animum
1188 1225 1535 1289 advertisse
1580 1226 1802 1289 videor
1847 1222 1999 1312 (scis
2035 1225 2225 1310 enim,

199 1332 397 1395 quam
442 1314 684 1375 attente
718 1315 784 1375 te
822 1311 1041 1375 audire
1088 1310 1374 1398 soleam),
1421 1316 1486 1377 te
1521 1334 1652 1377 non
1697 1317 1831 1376 tam
1877 1334 1978 1377 res
2011 1316 2225 1399 gestas

200 1421 397 1483 quam
454 1420 665 1463 mores
722 1399 1211 1484 institutamque
1269 1401 1471 1464 vitam
1533 1401 1995 1484 imperatorum
2053 1423 2225 1486 spec-

199 1491 340 1551 tare
402 1487 606 1550 solere
657 1487 727 1549 in
780 1487 1092 1551 habendis
1147 1491 1258 1551 aut
1311 1510 1443 1551 non
1494 1489 1806 1552 habendis
1849 1489 2222 1553 honoribus.

124 1594 173 1633 15
202 1574 394 1650 Quod
428 1575 483 1637 si
530 1574 598 1638 in
642 1596 785 1638 mea
832 1596 1019 1639 causa
1064 1576 1522 1660 considerabiS,
1581 1577 1857 1660 reperies
1902 1598 2006 1640 me
2051 1599 2226 1641 exer-

199 1663 335 1725 citu
378 1661 681 1725 inbecillo
719 1665 941 1726 contra
984 1667 1228 1726 metum
1272 1663 1540 1727 maximi
1583 1664 1740 1729 belli
1783 1665 2223 1730 firmissimum

196 1749 590 1833 praesidium
638 1750 939 1814 habuisse
984 1751 1374 1834 aequitatem
1421 1755 1486 1814 et
1533 1753 2008 1816 continentiam.
2100 1752 2225 1817 His

198 1859 320 1923 ego
358 1836 662 1901 subsidiis
700 1859 775 1901 ea
809 1860 952 1903 sum
986 1841 1382 1922 consecutuS,
1429 1859 1590 1922 quae
1626 1840 1822 1903 nuHis
1856 1839 2224 1925 legionibus

197 1924 505 2009 consequi
547 1926 925 2011 potuissem,
979 1931 1053 1990 ut
1105 1947 1182 1991 ex
1233 1926 1641 1990 alienissimis
1686 1927 1876 1991 sociis
1921 1928 2225 1992 amicissi-

121 2033 169 2072 20
194 2035 357 2097 mos,
404 2034 484 2075 ex
528 2012 983 2078 infidelissimis
1026 2014 1430 2078 firmissimos
1475 2014 1804 2078 redderem
1849 2015 2222 2099 animosque

196 2121 513 2165 novarum
559 2122 772 2164 rerum
809 2103 1281 2185 exspectatione
1328 2124 1666 2186 suspensos
1711 2103 1792 2166 ad
1836 2104 2070 2167 veteris
2107 2104 2224 2167 im-

194 2190 363 2272 perii
409 2188 909 2253 benivolentiam
954 2191 1370 2253 traducerem.

332 2274 462 2340 Sed
504 2276 698 2340 nimis
742 2276 898 2340 haec
940 2276 1145 2341 multa
1192 2279 1268 2341 de
1312 2299 1443 2362 me,
1502 2278 1878 2361 praesertim
1924 2278 2005 2342 ad
2048 2282 2140 2364 te,
2188 2302 2224 2343 a

196 2385 325 2447 quo
365 2385 497 2428 uno
535 2364 821 2428 omnium
858 2364 1178 2429 sociorum
1216 2365 1510 2448 querelae
1547 2366 1910 2430 audiuntur.
1973 2364 2224 2453 Cogno-

121 2470 169 2509 25
196 2473 331 2515 sces
394 2473 475 2515 ex
532 2452 643 2535 iis,
703 2452 814 2534 qui
872 2452 1032 2516 meis
1090 2454 1406 2517 institutis
1464 2475 1532 2517 se
1591 2458 1908 2519 recreatos
1965 2459 2224 2541 putant3

196 2560 471 2623 cumque
519 2560 738 2603 omnes
784 2561 913 2603 uno
958 2562 1158 2624 prope
1205 2562 1516 2605 consensu
1553 2542 1630 2605 de
1666 2563 1770 2606 me
1816 2543 1986 2626 apud
2029 2547 2094 2606 te
2133 2564 2223 2628 ea,

196 2648 361 2710 quae
415 2626 579 2689 mihi
635 2628 1037 2710 optatissima
1082 2631 1257 2712 sunt,
1315 2629 1802 2713 praedicabunt,
1862 2634 2004 2693 tum
2064 2631 2224 2694 duae

192 2714 515 2779 maximae
552 2714 881 2779 clientelae
926 2720 1092 2801 tuae,
1139 2715 1390 2799 Cyprus
1434 2717 1645 2780 insula
1684 2721 1750 2781 et
1787 2715 2223 2800 Cappadociae

194 2822 499 2889 regnum,
560 2805 772 2866 tecum
829 2803 905 2866 de
956 2824 1061 2867 me
1112 2804 1490 2887 loquentur,
1549 2808 1708 2888 puto
1763 2804 1958 2867 etiam
2003 2826 2222 2890 regem

116 2908 165 2947 30
193 2891 593 2974 Deiotarum,
640 2891 753 2973 qui
797 2891 910 2953 uni
954 2891 1078 2955 tibi
1116 2896 1213 2955 est
1256 2892 1534 2955 maxime
1578 2892 1986 2955 necessarius.
2047 2892 2224 2968 Quae

193 2980 249 3043 si
287 2978 485 3044 etiam
530 2978 776 3042 maiora
819 2983 987 3063 sunt,
1034 2983 1099 3042 et
1134 2980 1203 3043 in
1242 2979 1542 3043 omnibus
1578 2979 1845 3043 saeculis
1889 2980 2222 3063 pauciores

191 3066 318 3130 viri
354 3066 595 3149 reperti
630 3070 799 3150 sunt,
834 3067 947 3151 qui
984 3088 1129 3130 suas
1156 3067 1539 3151 cupiditates
1567 3089 1760 3150 quam
1789 3068 1902 3150 qui
1935 3067 2223 3133 hostium

192 3154 411 3239 copias
455 3154 801 3238 vincerent,
847 3158 945 3218 est
988 3156 1279 3238 profecto
1325 3159 1528 3238 tuum,
1581 3176 1724 3218 cum
1771 3155 1852 3217 ad
1897 3176 1997 3219 res
2042 3156 2224 3219 belli-

194 3264 297 3307 cas
342 3243 527 3327 haee,
584 3264 747 3325 quae
792 3244 1036 3307 rariora
1082 3246 1146 3307 et
1193 3241 1559 3305 difficiliora
1605 3246 1771 3326 sunt,
1817 3264 2054 3328 genera
2097 3245 2226 3307 vir—

116 3347 166 3387 35
192 3331 355 3395 tutis
402 3330 769 3394 adiunxeris
776 3382 795 3415 ,
853 3331 1025 3415 ipsas
1080 3330 1273 3395 etiam
1329 3330 1473 3393 illas
1519 3352 1620 3395 res
1665 3333 1878 3417 gestas
1923 3331 2223 3397 iustiores

193 3441 327 3484 esse
376 3423 441 3483 et
484 3418 761 3483 maiores
805 3422 1049 3501 putare.
1991 3426 1995 3430 '

323 3506 707 3571 Extremum
765 3506 927 3570 illud
982 3510 1107 3592 est,
1166 3509 1240 3569 ut
1297 3505 1478 3590 quasi
1540 3506 1836 3571 diffidens
1895 3508 2220 3594 rogationi

1787 3610 1894 3663 29*

2271 628 2336 676 14

2263 2294 2329 2343 15

2260 3523 2325 3573 16
