2567 3884
293 207 426 271 486
1035 208 1553 263 EPISTULARUM

1203 418 1408 485 XXII.

684 539 797 596 Sor.
835 540 1076 596 Astaca-ae
1123 541 1215 596 VI
1244 541 1318 596 K.
1358 540 1505 596 Seaet.
1548 560 1599 597 a.
1640 544 1753 596 709
1793 544 1930 610 (45).

875 662 1178 717 TULLIUS
1216 662 1472 717 TIRONI
1509 663 1645 718 SUO
1685 663 1738 720 S.

227 807 257 856 1
429 789 630 874 Spero
677 811 757 853 ex
801 790 933 854 tuis
978 790 1215 853 litteris
1259 788 1385 853 tibi
1429 790 1661 853 melius
1706 810 1860 873 esse,
1908 788 2099 872 cupio
2138 790 2334 853 certe.

299 877 418 942 Oui
464 876 723 961 quidem
768 878 864 942 rei
901 878 1078 941 omni
1124 877 1374 941 ratione
1413 899 1564 940 cura
1608 881 1683 941 ut
1726 877 2035 941 inservias
2073 879 2139 939 et
2177 897 2336 939 cave
2396 895 2423 933 5

296 965 636 1050 suspiceris
673 969 898 1030 contra
932 987 1141 1029 meam
1175 966 1577 1030 voluntatem
1613 968 1678 1029 te
1714 966 1939 1049 facere,
1986 964 2163 1048 quod
2197 986 2337 1027 non

297 1055 384 1118 sis
428 1076 696 1118 mecum.
786 1052 1041 1117 Mecum
1095 1075 1188 1138 es,
1249 1054 1304 1117 si
1358 1057 1423 1117 te
1479 1074 1677 1117 curas,
1772 1053 1979 1129 Quare
2032 1052 2208 1116 malo
2263 1056 2335 1116 te

295 1142 649 1207 valetudini
708 1145 857 1205 tuae
918 1142 1156 1205 servire
1212 1163 1405 1224 quam
1459 1142 1619 1205 meis
1676 1142 1877 1205 oculis
1925 1144 1989 1205 et
2044 1140 2331 1204 auribus.

297 1230 441 1294 Etsi
496 1230 668 1294 enim
723 1232 787 1292 et
840 1229 1032 1293 audio
1086 1233 1151 1293 te
1206 1233 1271 1293 et
1317 1229 1503 1293 video
1556 1229 1879 1314 lubenter,
1940 1232 2158 1292 tamen
2202 1228 2334 1291 hoc

297 1318 502 1381 multo
550 1318 689 1401 erit,
735 1317 790 1380 si
836 1317 1095 1402 valebis,
1142 1318 1497 1382 iucundius,
1590 1317 1735 1403 Ego
1780 1317 1889 1380 hic
1934 1338 2129 1401 cesso,
2176 1316 2333 1399 quia
2360 1336 2412 1373 ιο

297 1406 433 1489 ipse
478 1405 644 1468 nihil
698 1405 936 1489 scribo,
991 1405 1138 1491 lego
1195 1410 1411 1470 autem
1465 1405 1926 1469 lubentissime.
2016 1403 2117 1467 Tu
2163 1404 2331 1488 istic,

297 1494 352 1557 si
399 1493 554 1576 quid
596 1492 847 1556 librarii
891 1515 1034 1557 mea
1078 1515 1274 1557 manu
1310 1514 1441 1557 non
1477 1493 1870 1580 intellegent,
1917 1492 2329 1556 monstrabis.

295 1580 444 1645 Una
490 1581 751 1645 omnino
807 1581 1215 1665 interpositio
1263 1581 1593 1646 difficilior
1646 1586 1767 1666 est,
1824 1602 2017 1665 quam
2062 1602 2145 1645 ne
2189 1580 2329 1664 ipse

298 1669 558 1753 quidem
602 1668 790 1733 facile
833 1669 1048 1755 legere
1103 1670 1307 1753 soleo,
1368 1669 1444 1732 de
1491 1670 1827 1753 quadrimo
1876 1667 2137 1734 Catone.
2229 1668 2329 1731 De

296 1756 579 1822 triclinio
619 1779 786 1843 cura,
832 1761 905 1821 ut
941 1758 1113 1821 facis,
1187 1757 1407 1822 Tertia
1442 1757 1663 1841 aderit,
1708 1757 1901 1822 modo
1938 1777 2019 1820 ne
2054 1756 2329 1820 Publius
2360 1774 2407 1811 15

228 1865 260 1912 2
299 1850 564 1933 rogatus
623 1846 723 1909 sit.
814 1844 1182 1909 Demetrius
1243 1846 1368 1909 iste
1431 1864 1781 1928 numquam
1842 1845 2105 1909 omnino
2165 1843 2330 1908 Pha—

297 1934 507 1999 lereus
566 1934 717 2019 fuit,
778 1934 890 1998 sed
946 1955 1118 1997 nunc
1174 1934 1363 2017 plane
1417 1933 1733 1997 Billienus
1788 1936 1900 1997 est.
1989 1931 2221 2016 Itaque
2266 1936 2330 1997 te

300 2023 382 2087 do
419 2023 755 2107 vicarium3
801 2026 876 2086 tu
912 2043 1060 2085 eum
1098 2021 1487 2085 observabis
1560 2020 1706 2085 Etsi
1736 2058 1820 2067 —-
1849 2041 2074 2085 verum
2111 2024 2332 2084 tamen

301 2111 377 2174 de
422 2110 554 2173 illis
590 2148 675 2156 —
712 2111 886 2173 nosti
932 2113 1156 2174 cetera.
1251 2108 1379 2173 Sed
1422 2113 1663 2195 tamen,
1720 2109 1775 2172 si
1822 2129 2013 2192 quem
2059 2130 2207 2173 cum
2255 2129 2329 2172 eo

300 2220 658 2262 sermonem
712 2198 1015 2262 habueris
1023 2249 1041 2282 ,
1097 2198 1337 2262 scribes
1384 2197 1466 2260 ad
1516 2219 1645 2282 me,
1700 2200 1774 2261 ut
1818 2196 1982 2261 mihi
2026 2200 2329 2261 nascatur
2357 2213 2407 2251 20

301 2286 610 2369 epistulae
671 2289 1151 2371 argumentum,
1213 2289 1277 2349 et
1337 2288 1411 2349 ut
1463 2289 1608 2349 tuas
1668 2307 1861 2368 quam
1919 2285 2331 2371 longissimas

299 2374 548 2437 litteras
590 2373 820 2459 legam.
914 2373 1107 2459 Cura,
1153 2374 1245 2438 mi
1291 2373 1463 2458 Tiro,
1510 2377 1583 2437 ut
1628 2374 1865 2458 valeas3
1909 2372 2037 2436 hoc
2080 2374 2331 2459 gratius
2458 2404 2468 2439 ε

299 2461 462 2526 mihi
507 2462 714 2525 facere
760 2461 926 2525 nihil
970 2466 1170 2545 potes,
1261 2461 1440 2525 Vale.

1195 2686 1433 2754 XXIII.

638 2810 754 2867 Ser.
793 2812 857 2866 in
897 2811 1208 2865 Tusculano
1256 2810 1312 2864 V
1340 2808 1415 2863 K.
1452 2810 1583 2863 Iwn.
1622 2828 1674 2864 a.
1715 2813 1824 2865 710
1853 2811 1993 2877 (44).
2360 2826 2407 2865 25

996 2930 1253 2987 CICERO
1293 2924 1557 2985 TIRONT
1584 2931 1637 2987 S.

235 3096 260 3141 1
422 3077 534 3141 Tu
588 3098 741 3142 vero
798 3077 1038 3141 confice
1081 3076 1573 3160 professionem,
1633 3074 1688 3137 si
1728 3078 1954 3159 ¹potes3
2008 3075 2132 3138 etsi
2177 3074 2336 3138 haec

301 3166 573 3248 pecunia
631 3186 711 3228 ex
766 3186 841 3229 eo
896 3185 1130 3251 genere
1185 3167 1312 3247 est,
1371 3166 1445 3227 ut
1498 3162 1896 3247 professione
1951 3183 2082 3225 non
2130 3166 2332 3249 egeat.

300 3252 764 3317 Verumtamen
801 3290 914 3317 -.
996 3251 1239 3315 Balbus
1284 3249 1366 3314 ad
1408 3272 1513 3314 me
1560 3250 1816 3335 scripsit
1860 3254 2042 3313 tanta
2086 3271 2157 3314 se
2204 3251 2334 3315 ἐπι-

304 3350 484 3425 φορᾷ
520 3362 912 3424 oppressum,
948 3343 1022 3402 ut
1057 3339 1239 3422 loqui
1275 3360 1407 3402 non
1442 3339 1664 3423 possit.
1728 3338 2055 3403 Antonius
2081 3338 2162 3401 de
2189 3339 2330 3424 lege
2356 3355 2403 3393 30

305 3427 480 3509 quod
524 3427 730 3513 egerit
767 3466 852 3473 —
896 3427 1088 3491 liceat
1134 3427 1328 3491 modo
1374 3427 1687 3491 rusticari.
1761 3426 1867 3490 Ad
1911 3425 2331 3509 Bithynicum

235 3528 266 3575 2
305 3514 547 3597 scripsi.
638 3514 736 3579 De
798 3514 1071 3579 Servilio
1130 3519 1202 3578 tu
1257 3512 1523 3600 videris,
1582 3514 1695 3599 qui
1754 3518 2147 3579 senectutem
2201 3536 2331 3579 non
