<?xml version="1.0" encoding="UTF-8"?>
<!DOCTYPE html PUBLIC "-//W3C//DTD XHTML 1.0 Transitional//EN"
    "http://www.w3.org/TR/xhtml1/DTD/xhtml1-transitional.dtd">
<html xmlns="http://www.w3.org/1999/xhtml" xml:lang="en" lang="en">
 <head>
  <title>
</title>
<meta http-equiv="Content-Type" content="text/html;charset=utf-8" />
  <meta name='ocr-system' content='tesseract 3.04.00' />
  <meta name='ocr-capabilities' content='ocr_page ocr_carea ocr_par ocr_line ocrx_word'/>
</head>
<body>
  <div class='ocr_page' id='page_1' title='image "./scriptaquaemans02mlgoog_0274.png"; bbox 0 0 2567 3884; ppageno 0'>
   <div class='ocr_carea' id='block_1_1' title="bbox 354 193 1637 258">
    <p class='ocr_par' dir='ltr' id='par_1_1' title="bbox 354 193 1637 258">
     <span class='ocr_line' id='line_1_1' title="bbox 354 193 1637 258; baseline -0.008 0"><span class='ocrx_word' id='word_1_1' title='bbox 354 193 481 258; x_wconf 82' lang='grc'><strong>182</strong></span> <span class='ocrx_word' id='word_1_2' title='bbox 1121 193 1637 249; x_wconf 79' lang='lat' dir='ltr'><strong>EPISTULARUM</strong></span> 
     </span>
    </p>
   </div>
   <div class='ocr_carea' id='block_1_2' title="bbox 348 336 2377 580">
    <p class='ocr_par' dir='ltr' id='par_1_2' title="bbox 348 336 2377 580">
     <span class='ocr_line' id='line_1_2' title="bbox 348 336 2377 426; baseline 0.001 -24"><span class='ocrx_word' id='word_1_3' title='bbox 348 337 593 402; x_wconf 80' lang='lat' dir='ltr'><strong>Pansae</strong></span> <span class='ocrx_word' id='word_1_4' title='bbox 647 336 966 401; x_wconf 85' lang='lat' dir='ltr'><strong>adsentari</strong></span> <span class='ocrx_word' id='word_1_5' title='bbox 1021 338 1517 423; x_wconf 76' lang='lat' dir='ltr'><strong>commodumst,</strong></span> <span class='ocrx_word' id='word_1_6' title='bbox 1572 339 1866 426; x_wconf 80' lang='lat' dir='ltr'><strong>ignosc03</strong></span> <span class='ocrx_word' id='word_1_7' title='bbox 1920 339 2113 404; x_wconf 90' lang='lat' dir='ltr'><strong>modo</strong></span> <span class='ocrx_word' id='word_1_8' title='bbox 2168 339 2377 404; x_wconf 85' lang='lat' dir='ltr'><strong>scribe</strong></span> 
     </span>
     <span class='ocr_line' id='line_1_3' title="bbox 351 426 2377 580; baseline 0.001 -90"><span class='ocrx_word' id='word_1_9' title='bbox 351 426 823 580; x_wconf 48' lang='lat' dir='ltr'><strong>Qandpligd</strong></span> <span class='ocrx_word' id='word_1_10' title='bbox 864 447 1008 511; x_wconf 82' lang='lat' dir='ltr'><strong>nos,</strong></span> <span class='ocrx_word' id='word_1_11' title='bbox 1055 426 1212 510; x_wconf 89' lang='lat' dir='ltr'><strong>quid</strong></span> <span class='ocrx_word' id='word_1_12' title='bbox 1257 449 1411 513; x_wconf 84' lang='lat' dir='ltr'><strong>agas</strong></span> <span class='ocrx_word' id='word_1_13' title='bbox 1457 431 1523 491; x_wconf 88' lang='lat' dir='ltr'><strong>et</strong></span> <span class='ocrx_word' id='word_1_14' title='bbox 1566 449 1605 490; x_wconf 86' lang='lat' dir='ltr'><strong>a</strong></span> <span class='ocrx_word' id='word_1_15' title='bbox 1649 426 1838 490; x_wconf 90' lang='lat' dir='ltr'><strong>nobis</strong></span> <span class='ocrx_word' id='word_1_16' title='bbox 1884 427 2043 512; x_wconf 90' lang='lat' dir='ltr'><strong>quid</strong></span> <span class='ocrx_word' id='word_1_17' title='bbox 2084 427 2227 492; x_wconf 88' lang='lat' dir='ltr'><strong>fieri</strong></span> <span class='ocrx_word' id='word_1_18' title='bbox 2263 432 2377 492; x_wconf 91' lang='lat' dir='ltr'><strong>aut</strong></span> 
     </span>
    </p>
   </div>
   <div class='ocr_carea' id='block_1_3' title="bbox 1274 671 1451 738">
    <p class='ocr_par' dir='ltr' id='par_1_3' title="bbox 1274 671 1451 738">
     <span class='ocr_line' id='line_1_4' title="bbox 1274 671 1451 738; baseline -0.011 1"><span class='ocrx_word' id='word_1_19' title='bbox 1274 671 1451 738; x_wconf 84' lang='lat' dir='ltr'><strong>xm.</strong></span> 
     </span>
    </p>
   </div>
   <div class='ocr_carea' id='block_1_4' title="bbox 696 792 2460 862">
    <p class='ocr_par' dir='ltr' id='par_1_4' title="bbox 696 792 2460 862">
     <span class='ocr_line' id='line_1_5' title="bbox 696 792 2460 862; baseline 0.003 -14"><span class='ocrx_word' id='word_1_20' title='bbox 696 792 811 848; x_wconf 76' lang='lat' dir='ltr'><strong>Ser.</strong></span> <span class='ocrx_word' id='word_1_21' title='bbox 857 792 1067 848; x_wconf 77' lang='lat' dir='ltr'><strong>Romae</strong></span> <span class='ocrx_word' id='word_1_22' title='bbox 1099 793 1199 848; x_wconf 84' lang='lat' dir='ltr'><strong>IV</strong></span> <span class='ocrx_word' id='word_1_23' title='bbox 1229 793 1379 848; x_wconf 78' lang='lat' dir='ltr'><strong>Non.</strong></span> <span class='ocrx_word' id='word_1_24' title='bbox 1417 793 1593 848; x_wconf 77' lang='lat' dir='ltr'><strong>Mart.</strong></span> <span class='ocrx_word' id='word_1_25' title='bbox 1640 811 1693 848; x_wconf 86' lang='lat' dir='ltr'><strong>a.</strong></span> <span class='ocrx_word' id='word_1_26' title='bbox 1734 796 1841 848; x_wconf 79' lang='lat'><strong>701</strong></span> <span class='ocrx_word' id='word_1_27' title='bbox 1883 796 2022 862; x_wconf 83' lang='lat'><em>(53).</em></span> <span class='ocrx_word' id='word_1_28' title='bbox 2430 814 2460 853; x_wconf 85' lang='lat'>5</span> 
     </span>
    </p>
   </div>
   <div class='ocr_carea' id='block_1_5' title="bbox 863 914 1857 971">
    <p class='ocr_par' dir='ltr' id='par_1_5' title="bbox 863 914 1857 971">
     <span class='ocr_line' id='line_1_6' title="bbox 863 914 1857 971; baseline 0.002 -3"><span class='ocrx_word' id='word_1_29' title='bbox 863 915 938 970; x_wconf 83' lang='lat' dir='ltr'><strong>M.</strong></span> <span class='ocrx_word' id='word_1_30' title='bbox 977 914 1234 970; x_wconf 83' lang='lat' dir='ltr'>CICERO</span> <span class='ocrx_word' id='word_1_31' title='bbox 1277 915 1332 971; x_wconf 82' lang='lat' dir='ltr'><strong>S.</strong></span> <span class='ocrx_word' id='word_1_32' title='bbox 1368 915 1436 971; x_wconf 91' lang='lat' dir='ltr'><strong>D.</strong></span> <span class='ocrx_word' id='word_1_33' title='bbox 1472 915 1857 971; x_wconf 82' lang='lat' dir='ltr'><strong>TREBATIO.</strong></span> 
     </span>
    </p>
   </div>
   <div class='ocr_carea' id='block_1_6' title="bbox 284 1040 2456 3062">
    <p class='ocr_par' dir='ltr' id='par_1_6' title="bbox 285 1040 2456 2095">
     <span class='ocr_line' id='line_1_7' title="bbox 285 1040 2378 1126; baseline -0 -19"><span class='ocrx_word' id='word_1_34' title='bbox 285 1057 315 1107; x_wconf 87' lang='lat'>1</span> <span class='ocrx_word' id='word_1_35' title='bbox 485 1040 751 1107; x_wconf 82' lang='lat' dir='ltr'>Adeone</span> <span class='ocrx_word' id='word_1_36' title='bbox 805 1063 908 1105; x_wconf 91' lang='lat' dir='ltr'><strong>me</strong></span> <span class='ocrx_word' id='word_1_37' title='bbox 967 1040 1278 1106; x_wconf 90' lang='lat' dir='ltr'><strong>iniustum</strong></span> <span class='ocrx_word' id='word_1_38' title='bbox 1324 1063 1461 1106; x_wconf 89' lang='lat' dir='ltr'><strong>esse</strong></span> <span class='ocrx_word' id='word_1_39' title='bbox 1506 1041 1914 1126; x_wconf 81' lang='lat' dir='ltr'><strong>existimasti,</strong></span> <span class='ocrx_word' id='word_1_40' title='bbox 1969 1046 2043 1106; x_wconf 92' lang='lat' dir='ltr'><strong>ut</strong></span> <span class='ocrx_word' id='word_1_41' title='bbox 2085 1041 2209 1106; x_wconf 89' lang='lat' dir='ltr'><strong>tibi</strong></span> <span class='ocrx_word' id='word_1_42' title='bbox 2254 1041 2378 1106; x_wconf 87' lang='lat' dir='ltr'><strong>ira-</strong></span> 
     </span>
     <span class='ocr_line' id='line_1_8' title="bbox 353 1129 2377 1214; baseline 0 -20"><span class='ocrx_word' id='word_1_43' title='bbox 353 1151 579 1214; x_wconf 86' lang='lat' dir='ltr'><strong>scerer,</strong></span> <span class='ocrx_word' id='word_1_44' title='bbox 624 1129 800 1213; x_wconf 92' lang='lat' dir='ltr'><strong>quod</strong></span> <span class='ocrx_word' id='word_1_45' title='bbox 841 1151 1069 1213; x_wconf 89' lang='lat' dir='ltr'><strong>parum</strong></span> <span class='ocrx_word' id='word_1_46' title='bbox 1112 1130 1275 1194; x_wconf 87' lang='lat' dir='ltr'><strong>mihi</strong></span> <span class='ocrx_word' id='word_1_47' title='bbox 1322 1134 1620 1194; x_wconf 79' lang='lat' dir='ltr'><strong>constans</strong></span> <span class='ocrx_word' id='word_1_48' title='bbox 1665 1133 1730 1194; x_wconf 91' lang='lat' dir='ltr'><strong>et</strong></span> <span class='ocrx_word' id='word_1_49' title='bbox 1782 1129 2056 1194; x_wconf 90' lang='lat' dir='ltr'><strong>nimium</strong></span> <span class='ocrx_word' id='word_1_50' title='bbox 2106 1129 2377 1213; x_wconf 88' lang='lat' dir='ltr'><strong>cupidus</strong></span> 
     </span>
     <span class='ocr_line' id='line_1_9' title="bbox 356 1216 2375 1303; baseline -0 -21"><span class='ocrx_word' id='word_1_51' title='bbox 356 1218 698 1283; x_wconf 88' lang='lat' dir='ltr'><strong>decedendi</strong></span> <span class='ocrx_word' id='word_1_52' title='bbox 743 1217 1054 1302; x_wconf 85' lang='lat' dir='ltr'><strong>viderere,</strong></span> <span class='ocrx_word' id='word_1_53' title='bbox 1099 1217 1184 1282; x_wconf 94' lang='lat' dir='ltr'><strong>ob</strong></span> <span class='ocrx_word' id='word_1_54' title='bbox 1229 1239 1497 1303; x_wconf 86' lang='lat' dir='ltr'><strong>eamque</strong></span> <span class='ocrx_word' id='word_1_55' title='bbox 1542 1239 1797 1300; x_wconf 79' lang='lat' dir='ltr'><strong>causam</strong></span> <span class='ocrx_word' id='word_1_56' title='bbox 1840 1240 1944 1282; x_wconf 90' lang='lat' dir='ltr'><strong>me</strong></span> <span class='ocrx_word' id='word_1_57' title='bbox 1989 1216 2375 1282; x_wconf 74' lang='lat' dir='ltr'><strong>arbitrarere</strong></span> 
     </span>
     <span class='ocr_line' id='line_1_10' title="bbox 352 1268 2456 1391; baseline 0 -21"><span class='ocrx_word' id='word_1_58' title='bbox 352 1306 603 1371; x_wconf 82' lang='lat' dir='ltr'><strong>litteras</strong></span> <span class='ocrx_word' id='word_1_59' title='bbox 657 1305 741 1369; x_wconf 85' lang='lat' dir='ltr'><strong>ad</strong></span> <span class='ocrx_word' id='word_1_60' title='bbox 790 1309 856 1369; x_wconf 92' lang='lat' dir='ltr'><strong>te</strong></span> <span class='ocrx_word' id='word_1_61' title='bbox 909 1268 1054 1369; x_wconf 76' lang='lat' dir='ltr'><strong>iam⁷</strong></span> <span class='ocrx_word' id='word_1_62' title='bbox 1084 1306 1195 1370; x_wconf 82' lang='lat' dir='ltr'><strong>diu</strong></span> <span class='ocrx_word' id='word_1_63' title='bbox 1238 1327 1371 1370; x_wconf 89' lang='lat' dir='ltr'><strong>non</strong></span> <span class='ocrx_word' id='word_1_64' title='bbox 1414 1306 1707 1371; x_wconf 79' lang='lat' dir='ltr'><strong>misisse?</strong></span> <span class='ocrx_word' id='word_1_65' title='bbox 1759 1305 1926 1370; x_wconf 85' lang='lat' dir='ltr'><strong>Mihi</strong></span> <span class='ocrx_word' id='word_1_66' title='bbox 1968 1306 2371 1391; x_wconf 81' lang='lat' dir='ltr'><strong>perturbatio</strong></span> <span class='ocrx_word' id='word_1_67' title='bbox 2402 1326 2456 1365; x_wconf 85' lang='grc' dir='ltr'><strong>ιο</strong></span> 
     </span>
     <span class='ocr_line' id='line_1_11' title="bbox 355 1394 2374 1479; baseline 0 -21"><span class='ocrx_word' id='word_1_68' title='bbox 355 1394 554 1458; x_wconf 88' lang='lat' dir='ltr'><strong>animi</strong></span> <span class='ocrx_word' id='word_1_69' title='bbox 588 1394 705 1478; x_wconf 87' lang='lat' dir='ltr'><strong>tui,</strong></span> <span class='ocrx_word' id='word_1_70' title='bbox 742 1415 935 1477; x_wconf 90' lang='lat' dir='ltr'><strong>quam</strong></span> <span class='ocrx_word' id='word_1_71' title='bbox 968 1394 1195 1477; x_wconf 87' lang='lat' dir='ltr'><strong>primis</strong></span> <span class='ocrx_word' id='word_1_72' title='bbox 1230 1395 1468 1459; x_wconf 85' lang='lat' dir='ltr'><strong>litteris</strong></span> <span class='ocrx_word' id='word_1_73' title='bbox 1492 1394 1974 1479; x_wconf 79' lang='lat' dir='ltr'><strong>perspiciebam,</strong></span> <span class='ocrx_word' id='word_1_74' title='bbox 2009 1394 2374 1459; x_wconf 78' lang='lat' dir='ltr'><strong>molestiam</strong></span> 
     </span>
     <span class='ocr_line' id='line_1_12' title="bbox 355 1482 2374 1567; baseline 0 -21"><span class='ocrx_word' id='word_1_75' title='bbox 355 1483 602 1567; x_wconf 81' lang='lat' dir='ltr'><strong>attulit3</strong></span> <span class='ocrx_word' id='word_1_76' title='bbox 645 1503 852 1566; x_wconf 89' lang='lat' dir='ltr'><strong>neque</strong></span> <span class='ocrx_word' id='word_1_77' title='bbox 897 1482 1022 1546; x_wconf 84' lang='lat' dir='ltr'><strong>alia</strong></span> <span class='ocrx_word' id='word_1_78' title='bbox 1057 1482 1190 1546; x_wconf 82' lang='lat' dir='ltr'><strong>ulla</strong></span> <span class='ocrx_word' id='word_1_79' title='bbox 1223 1483 1352 1546; x_wconf 85' lang='lat' dir='ltr'><strong>fuit</strong></span> <span class='ocrx_word' id='word_1_80' title='bbox 1387 1504 1575 1548; x_wconf 88' lang='lat' dir='ltr'><strong>causa</strong></span> <span class='ocrx_word' id='word_1_81' title='bbox 1607 1482 2100 1547; x_wconf 89' lang='lat' dir='ltr'><strong>intermissionis</strong></span> <span class='ocrx_word' id='word_1_82' title='bbox 2136 1482 2374 1566; x_wconf 91' lang='lat' dir='ltr'><strong>epistu-</strong></span> 
     </span>
     <span class='ocr_line' id='line_1_13' title="bbox 354 1569 2371 1655; baseline 0 -21"><span class='ocrx_word' id='word_1_83' title='bbox 354 1571 581 1654; x_wconf 84' lang='lat' dir='ltr'><strong>larum,</strong></span> <span class='ocrx_word' id='word_1_84' title='bbox 624 1570 753 1634; x_wconf 89' lang='lat' dir='ltr'><strong>nisi</strong></span> <span class='ocrx_word' id='word_1_85' title='bbox 797 1569 995 1654; x_wconf 86' lang='lat' dir='ltr'><strong>quod,</strong></span> <span class='ocrx_word' id='word_1_86' title='bbox 1041 1569 1154 1634; x_wconf 92' lang='lat' dir='ltr'><strong>ubi</strong></span> <span class='ocrx_word' id='word_1_87' title='bbox 1200 1592 1386 1655; x_wconf 76' lang='lat' dir='ltr'><strong>essee,</strong></span> <span class='ocrx_word' id='word_1_88' title='bbox 1429 1571 1619 1655; x_wconf 91' lang='lat' dir='ltr'><strong>plane</strong></span> <span class='ocrx_word' id='word_1_89' title='bbox 1662 1571 2039 1636; x_wconf 84' lang='lat' dir='ltr'><strong>nesciebam</strong></span> <span class='ocrx_word' id='word_1_90' title='bbox 2128 1569 2256 1634; x_wconf 89' lang='lat' dir='ltr'><strong>Hic</strong></span> <span class='ocrx_word' id='word_1_91' title='bbox 2298 1574 2371 1634; x_wconf 93' lang='lat' dir='ltr'><strong>tu</strong></span> 
     </span>
     <span class='ocr_line' id='line_1_14' title="bbox 355 1657 2371 1760; baseline 0 -38"><span class='ocrx_word' id='word_1_92' title='bbox 355 1681 459 1722; x_wconf 91' lang='lat' dir='ltr'><strong>me</strong></span> <span class='ocrx_word' id='word_1_93' title='bbox 504 1659 699 1723; x_wconf 87' lang='lat' dir='ltr'><strong>etiam</strong></span> <span class='ocrx_word' id='word_1_94' title='bbox 744 1657 1076 1722; x_wconf 87' lang='lat' dir='ltr'><strong>insimulas</strong></span> <span class='ocrx_word' id='word_1_95' title='bbox 1126 1680 1245 1722; x_wconf 90' lang='lat' dir='ltr'><strong>nec</strong></span> <span class='ocrx_word' id='word_1_96' title='bbox 1290 1659 1790 1723; x_wconf 87' lang='lat' dir='ltr'><strong>satisfactionem</strong></span> <span class='ocrx_word' id='word_1_97' title='bbox 1838 1681 2048 1723; x_wconf 86' lang='lat' dir='ltr'><strong>meam</strong></span> <span class='ocrx_word' id='word_1_98' title='bbox 2092 1658 2371 1760; x_wconf 72' lang='lat' dir='ltr'><strong>accipis?</strong></span> 
     </span>
     <span class='ocr_line' id='line_1_15' title="bbox 354 1745 2455 1831; baseline -0.003 -21"><span class='ocrx_word' id='word_1_99' title='bbox 354 1745 547 1831; x_wconf 84' lang='lat' dir='ltr'><strong>Audi,</strong></span> <span class='ocrx_word' id='word_1_100' title='bbox 591 1746 785 1810; x_wconf 83' lang='lat' dir='ltr'><strong>Testa</strong></span> <span class='ocrx_word' id='word_1_101' title='bbox 826 1746 944 1811; x_wconf 86' lang='lat' dir='ltr'><strong>mi:</strong></span> <span class='ocrx_word' id='word_1_102' title='bbox 1002 1748 1221 1810; x_wconf 87' lang='lat' dir='ltr'><strong>utrum</strong></span> <span class='ocrx_word' id='word_1_103' title='bbox 1273 1747 1714 1831; x_wconf 87' lang='lat' dir='ltr'><strong>superbiorem</strong></span> <span class='ocrx_word' id='word_1_104' title='bbox 1765 1751 1832 1812; x_wconf 91' lang='lat' dir='ltr'><strong>te</strong></span> <span class='ocrx_word' id='word_1_105' title='bbox 1884 1747 2154 1831; x_wconf 89' lang='lat' dir='ltr'><strong>pecunia</strong></span> <span class='ocrx_word' id='word_1_106' title='bbox 2198 1747 2371 1830; x_wconf 84' lang='lat' dir='ltr'><strong>facit,</strong></span> <span class='ocrx_word' id='word_1_107' title='bbox 2402 1764 2455 1804; x_wconf 87' lang='lat'><strong>15</strong></span> 
     </span>
     <span class='ocr_line' id='line_1_16' title="bbox 357 1833 2372 1919; baseline -0.001 -19"><span class='ocrx_word' id='word_1_108' title='bbox 357 1858 438 1900; x_wconf 88' lang='lat' dir='ltr'><strong>an</strong></span> <span class='ocrx_word' id='word_1_109' title='bbox 484 1835 658 1919; x_wconf 92' lang='lat' dir='ltr'><strong>quod</strong></span> <span class='ocrx_word' id='word_1_110' title='bbox 700 1838 766 1899; x_wconf 90' lang='lat' dir='ltr'><strong>te</strong></span> <span class='ocrx_word' id='word_1_111' title='bbox 810 1833 1160 1917; x_wconf 86' lang='lat' dir='ltr'><strong>imperator</strong></span> <span class='ocrx_word' id='word_1_112' title='bbox 1203 1835 1479 1898; x_wconf 87' lang='lat' dir='ltr'><strong>consulit</strong></span> <span class='ocrx_word' id='word_1_113' title='bbox 1493 1835 1528 1900; x_wconf 83' lang='lat'><strong>‘?</strong></span> <span class='ocrx_word' id='word_1_114' title='bbox 1606 1834 1866 1919; x_wconf 86' lang='lat' dir='ltr'><strong>Moriar,</strong></span> <span class='ocrx_word' id='word_1_115' title='bbox 1909 1836 2005 1919; x_wconf 85' lang='lat' dir='ltr'><strong>ni,</strong></span> <span class='ocrx_word' id='word_1_116' title='bbox 2052 1857 2215 1918; x_wconf 91' lang='lat' dir='ltr'><strong>quae</strong></span> <span class='ocrx_word' id='word_1_117' title='bbox 2258 1839 2372 1898; x_wconf 90' lang='lat' dir='ltr'><strong>tua</strong></span> 
     </span>
     <span class='ocr_line' id='line_1_17' title="bbox 354 1920 2372 2010; baseline -0.001 -22"><span class='ocrx_word' id='word_1_118' title='bbox 354 1923 564 2010; x_wconf 86' lang='lat' dir='ltr'><strong>gloria</strong></span> <span class='ocrx_word' id='word_1_119' title='bbox 609 1925 706 1987; x_wconf 90' lang='lat' dir='ltr'><strong>est</strong></span> <span class='ocrx_word' id='word_1_120' title='bbox 713 1973 732 2006; x_wconf 86' lang='lat'>,</span> <span class='ocrx_word' id='word_1_121' title='bbox 782 1925 943 2006; x_wconf 86' lang='lat' dir='ltr'><strong>puto</strong></span> <span class='ocrx_word' id='word_1_122' title='bbox 987 1925 1053 1986; x_wconf 87' lang='lat' dir='ltr'><strong>te</strong></span> <span class='ocrx_word' id='word_1_123' title='bbox 1097 1922 1289 1986; x_wconf 90' lang='lat' dir='ltr'><strong>malle</strong></span> <span class='ocrx_word' id='word_1_124' title='bbox 1334 1945 1372 1986; x_wconf 92' lang='lat' dir='ltr'><strong>a</strong></span> <span class='ocrx_word' id='word_1_125' title='bbox 1418 1920 1684 1988; x_wconf 86' lang='lat' dir='ltr'><strong>Caesare</strong></span> <span class='ocrx_word' id='word_1_126' title='bbox 1740 1922 1985 1987; x_wconf 88' lang='lat' dir='ltr'><strong>consuli</strong></span> <span class='ocrx_word' id='word_1_127' title='bbox 2040 1945 2233 2007; x_wconf 84' lang='lat' dir='ltr'><strong>quam</strong></span> <span class='ocrx_word' id='word_1_128' title='bbox 2279 1923 2372 1986; x_wconf 92' lang='lat' dir='ltr'><strong>in-</strong></span> 
     </span>
     <span class='ocr_line' id='line_1_18' title="bbox 355 2008 2373 2095; baseline -0.001 -19"><span class='ocrx_word' id='word_1_129' title='bbox 355 2011 584 2076; x_wconf 89' lang='lat' dir='ltr'><strong>aurari.</strong></span> <span class='ocrx_word' id='word_1_130' title='bbox 676 2008 748 2075; x_wconf 88' lang='lat' dir='ltr'><strong>Si</strong></span> <span class='ocrx_word' id='word_1_131' title='bbox 792 2032 945 2074; x_wconf 85' lang='lat' dir='ltr'><strong>vero</strong></span> <span class='ocrx_word' id='word_1_132' title='bbox 998 2012 1343 2094; x_wconf 87' lang='lat' dir='ltr'><strong>utrumque</strong></span> <span class='ocrx_word' id='word_1_133' title='bbox 1396 2015 1518 2095; x_wconf 85' lang='lat' dir='ltr'><strong>est,</strong></span> <span class='ocrx_word' id='word_1_134' title='bbox 1579 2011 1723 2095; x_wconf 88' lang='lat' dir='ltr'><strong>quis</strong></span> <span class='ocrx_word' id='word_1_135' title='bbox 1780 2015 1846 2075; x_wconf 90' lang='lat' dir='ltr'><strong>te</strong></span> <span class='ocrx_word' id='word_1_136' title='bbox 1900 2012 2064 2076; x_wconf 88' lang='lat' dir='ltr'><strong>feret</strong></span> <span class='ocrx_word' id='word_1_137' title='bbox 2117 2014 2373 2095; x_wconf 90' lang='lat' dir='ltr'><strong>praeter</strong></span> 
     </span>
    </p>

    <p class='ocr_par' dir='ltr' id='par_1_7' title="bbox 284 2097 2455 2533">
     <span class='ocr_line' id='line_1_19' title="bbox 284 2097 2369 2185; baseline 0.001 -24"><span class='ocrx_word' id='word_1_138' title='bbox 284 2113 316 2161; x_wconf 83' lang='lat'>2</span> <span class='ocrx_word' id='word_1_139' title='bbox 354 2122 475 2185; x_wconf 82' lang='lat' dir='ltr'><strong>me,</strong></span> <span class='ocrx_word' id='word_1_140' title='bbox 522 2097 633 2182; x_wconf 90' lang='lat' dir='ltr'><strong>qui</strong></span> <span class='ocrx_word' id='word_1_141' title='bbox 679 2098 896 2162; x_wconf 87' lang='lat' dir='ltr'><strong>omnia</strong></span> <span class='ocrx_word' id='word_1_142' title='bbox 939 2097 1105 2163; x_wconf 87' lang='lat' dir='ltr'><strong>ferre</strong></span> <span class='ocrx_word' id='word_1_143' title='bbox 1149 2099 1457 2183; x_wconf 78' lang='lat' dir='ltr'><strong>possum?</strong></span> <span class='ocrx_word' id='word_1_144' title='bbox 1503 2098 1629 2163; x_wconf 87' lang='lat' dir='ltr'><strong>Sed</strong></span> <span class='ocrx_word' id='word_1_145' title='bbox 1672 2103 1745 2163; x_wconf 89' lang='lat' dir='ltr'><strong>ut</strong></span> <span class='ocrx_word' id='word_1_146' title='bbox 1790 2099 1872 2162; x_wconf 89' lang='lat' dir='ltr'><strong>ad</strong></span> <span class='ocrx_word' id='word_1_147' title='bbox 1916 2121 2052 2164; x_wconf 86' lang='lat' dir='ltr'><strong>rem</strong></span> <span class='ocrx_word' id='word_1_148' title='bbox 2097 2099 2369 2182; x_wconf 86' lang='lat' dir='ltr'><strong>redeam,</strong></span> 
     </span>
     <span class='ocr_line' id='line_1_20' title="bbox 353 2185 2455 2274; baseline 0 -24"><span class='ocrx_word' id='word_1_149' title='bbox 353 2191 418 2251; x_wconf 91' lang='lat' dir='ltr'><strong>te</strong></span> <span class='ocrx_word' id='word_1_150' title='bbox 471 2185 619 2250; x_wconf 85' lang='lat' dir='ltr'><strong>istic</strong></span> <span class='ocrx_word' id='word_1_151' title='bbox 671 2186 948 2250; x_wconf 89' lang='lat' dir='ltr'><strong>invitum</strong></span> <span class='ocrx_word' id='word_1_152' title='bbox 1000 2206 1131 2251; x_wconf 92' lang='lat' dir='ltr'><strong>non</strong></span> <span class='ocrx_word' id='word_1_153' title='bbox 1186 2208 1322 2251; x_wconf 90' lang='lat' dir='ltr'><strong>esse</strong></span> <span class='ocrx_word' id='word_1_154' title='bbox 1373 2186 1784 2252; x_wconf 85' lang='lat' dir='ltr'><strong>vehementer</strong></span> <span class='ocrx_word' id='word_1_155' title='bbox 1824 2188 2073 2274; x_wconf 81' lang='lat' dir='ltr'><strong>gaudeo</strong></span> <span class='ocrx_word' id='word_1_156' title='bbox 2086 2238 2104 2271; x_wconf 87' lang='lat'><em>‚</em></span> <span class='ocrx_word' id='word_1_157' title='bbox 2160 2191 2250 2271; x_wconf 86' lang='lat' dir='ltr'><strong>et,</strong></span> <span class='ocrx_word' id='word_1_158' title='bbox 2296 2192 2369 2251; x_wconf 94' lang='lat' dir='ltr'><strong>ut</strong></span> <span class='ocrx_word' id='word_1_159' title='bbox 2398 2206 2455 2245; x_wconf 78' lang='lat'><strong>20</strong></span> 
     </span>
     <span class='ocr_line' id='line_1_21' title="bbox 351 2274 2369 2359; baseline 0.001 -21"><span class='ocrx_word' id='word_1_160' title='bbox 351 2275 516 2338; x_wconf 77' lang='lat' dir='ltr'><strong>illud</strong></span> <span class='ocrx_word' id='word_1_161' title='bbox 568 2278 705 2338; x_wconf 87' lang='lat' dir='ltr'><strong>erat</strong></span> <span class='ocrx_word' id='word_1_162' title='bbox 755 2274 1126 2359; x_wconf 88' lang='lat' dir='ltr'><strong>molestum,</strong></span> <span class='ocrx_word' id='word_1_163' title='bbox 1179 2275 1274 2338; x_wconf 92' lang='lat' dir='ltr'><strong>sic</strong></span> <span class='ocrx_word' id='word_1_164' title='bbox 1315 2274 1441 2339; x_wconf 93' lang='lat' dir='ltr'><strong>hoc</strong></span> <span class='ocrx_word' id='word_1_165' title='bbox 1485 2279 1582 2340; x_wconf 88' lang='lat' dir='ltr'><strong>est</strong></span> <span class='ocrx_word' id='word_1_166' title='bbox 1634 2275 1999 2339; x_wconf 88' lang='lat' dir='ltr'><strong>iucundum.</strong></span> <span class='ocrx_word' id='word_1_167' title='bbox 2089 2274 2369 2340; x_wconf 87' lang='lat' dir='ltr'><strong>Tantum</strong></span> 
     </span>
     <span class='ocr_line' id='line_1_22' title="bbox 348 2360 2369 2514; baseline 0 -87"><span class='ocrx_word' id='word_1_168' title='bbox 348 2367 587 2514; x_wconf 52' lang='grc' dir='ltr'><strong>ιιιοέιιιο,</strong></span> <span class='ocrx_word' id='word_1_169' title='bbox 630 2383 712 2426; x_wconf 90' lang='lat' dir='ltr'><strong>ne</strong></span> <span class='ocrx_word' id='word_1_170' title='bbox 747 2360 1090 2426; x_wconf 88' lang='lat' dir='ltr'><strong>artificium</strong></span> <span class='ocrx_word' id='word_1_171' title='bbox 1135 2365 1321 2427; x_wconf 92' lang='lat' dir='ltr'><strong>tuum</strong></span> <span class='ocrx_word' id='word_1_172' title='bbox 1365 2363 1489 2428; x_wconf 91' lang='lat' dir='ltr'><strong>tibi</strong></span> <span class='ocrx_word' id='word_1_173' title='bbox 1533 2386 1761 2448; x_wconf 88' lang='lat' dir='ltr'><strong>parum</strong></span> <span class='ocrx_word' id='word_1_174' title='bbox 1805 2363 2039 2448; x_wconf 82' lang='lat' dir='ltr'><strong>prosit3</strong></span> <span class='ocrx_word' id='word_1_175' title='bbox 2081 2385 2250 2448; x_wconf 88' lang='lat' dir='ltr'><strong>nam,</strong></span> <span class='ocrx_word' id='word_1_176' title='bbox 2295 2368 2369 2428; x_wconf 90' lang='lat' dir='ltr'><strong>ut</strong></span> 
     </span>
     <span class='ocr_line' id='line_1_23' title="bbox 350 2449 751 2533; baseline 0 -20"><span class='ocrx_word' id='word_1_177' title='bbox 350 2472 431 2515; x_wconf 88' lang='lat' dir='ltr'><strong>au</strong></span> <span class='ocrx_word' id='word_1_178' title='bbox 483 2451 559 2533; x_wconf 85' lang='lat'><strong>‘0‚</strong></span> <span class='ocrx_word' id='word_1_179' title='bbox 603 2449 751 2514; x_wconf 90' lang='lat' dir='ltr'><strong>istic</strong></span> 
     </span>
    </p>

    <p class='ocr_par' dir='ltr' id='par_1_8' title="bbox 344 2537 2455 3062">
     <span class='ocr_line' id='line_1_24' title="bbox 437 2537 2367 2625; baseline 0 -23"><span class='ocrx_word' id='word_1_180' title='bbox 437 2537 647 2602; x_wconf 78' lang='lat' dir='ltr'><strong>‘Non</strong></span> <span class='ocrx_word' id='word_1_181' title='bbox 692 2560 784 2603; x_wconf 85' lang='lat' dir='ltr'><strong>ex</strong></span> <span class='ocrx_word' id='word_1_182' title='bbox 833 2537 1010 2602; x_wconf 93' lang='lat' dir='ltr'><strong>iure</strong></span> <span class='ocrx_word' id='word_1_183' title='bbox 1053 2560 1371 2602; x_wconf 90' lang='lat' dir='ltr'><strong>manum</strong></span> <span class='ocrx_word' id='word_1_184' title='bbox 1416 2543 1881 2623; x_wconf 87' lang='lat' dir='ltr'><strong>consertum,</strong></span> <span class='ocrx_word' id='word_1_185' title='bbox 1936 2538 2075 2603; x_wconf 91' lang='lat' dir='ltr'><strong>sed</strong></span> <span class='ocrx_word' id='word_1_186' title='bbox 2124 2539 2367 2625; x_wconf 86' lang='lat' dir='ltr'><strong>magis</strong></span> 
     </span>
     <span class='ocr_line' id='line_1_25' title="bbox 2022 2627 2455 2691; baseline 0.007 -3"><span class='ocrx_word' id='word_1_187' title='bbox 2022 2627 2100 2691; x_wconf 81' lang='lat' dir='ltr'><strong>fe</strong></span> <span class='ocrx_word' id='word_1_188' title='bbox 2115 2648 2148 2689; x_wconf 93' lang='lat' dir='ltr'><strong>r</strong></span> <span class='ocrx_word' id='word_1_189' title='bbox 2162 2649 2197 2690; x_wconf 91' lang='lat' dir='ltr'><strong>r</strong></span> <span class='ocrx_word' id='word_1_190' title='bbox 2211 2648 2248 2691; x_wconf 98' lang='lat' dir='ltr'><strong>o</strong></span> <span class='ocrx_word' id='word_1_191' title='bbox 2397 2644 2455 2684; x_wconf 80' lang='lat'><strong>2⁵</strong></span> 
     </span>
     <span class='ocr_line' id='line_1_26' title="bbox 436 2713 1088 2798; baseline 0 -21"><span class='ocrx_word' id='word_1_192' title='bbox 436 2713 625 2778; x_wconf 88' lang='lat' dir='ltr'><strong>Rem</strong></span> <span class='ocrx_word' id='word_1_193' title='bbox 671 2714 1088 2798; x_wconf 89' lang='lat' dir='ltr'><strong>repetunt&#39;‚</strong></span> 
     </span>
     <span class='ocr_line' id='line_1_27' title="bbox 347 2800 2367 2886; baseline -0 -20"><span class='ocrx_word' id='word_1_194' title='bbox 347 2806 414 2866; x_wconf 89' lang='lat' dir='ltr'><strong>et</strong></span> <span class='ocrx_word' id='word_1_195' title='bbox 447 2806 523 2866; x_wconf 90' lang='lat' dir='ltr'><strong>tu</strong></span> <span class='ocrx_word' id='word_1_196' title='bbox 559 2801 726 2865; x_wconf 87' lang='lat' dir='ltr'><strong>soles</strong></span> <span class='ocrx_word' id='word_1_197' title='bbox 762 2800 844 2864; x_wconf 89' lang='lat' dir='ltr'><strong>ad</strong></span> <span class='ocrx_word' id='word_1_198' title='bbox 878 2801 1012 2865; x_wconf 82' lang='lat' dir='ltr'><strong>vim</strong></span> <span class='ocrx_word' id='word_1_199' title='bbox 1047 2801 1411 2867; x_wconf 83' lang='lat' dir='ltr'><strong>faciundam</strong></span> <span class='ocrx_word' id='word_1_200' title='bbox 1448 2801 1757 2886; x_wconf 86' lang='lat' dir='ltr'><strong>adhiberi,</strong></span> <span class='ocrx_word' id='word_1_201' title='bbox 1792 2822 1998 2886; x_wconf 90' lang='lat' dir='ltr'><strong>neque</strong></span> <span class='ocrx_word' id='word_1_202' title='bbox 2035 2804 2149 2886; x_wconf 87' lang='lat' dir='ltr'><strong>est,</strong></span> <span class='ocrx_word' id='word_1_203' title='bbox 2192 2801 2367 2885; x_wconf 89' lang='lat' dir='ltr'><strong>quod</strong></span> 
     </span>
     <span class='ocr_line' id='line_1_28' title="bbox 347 2887 2366 2973; baseline -0.001 -19"><span class='ocrx_word' id='word_1_204' title='bbox 347 2887 527 2955; x_wconf 87' lang='lat' dir='ltr'><strong>illam</strong></span> <span class='ocrx_word' id='word_1_205' title='bbox 573 2889 1013 2972; x_wconf 85' lang='lat' dir='ltr'><strong>exceptionem</strong></span> <span class='ocrx_word' id='word_1_206' title='bbox 1049 2889 1118 2952; x_wconf 91' lang='lat' dir='ltr'><strong>in</strong></span> <span class='ocrx_word' id='word_1_207' title='bbox 1154 2888 1496 2954; x_wconf 90' lang='lat' dir='ltr'><strong>interdicto</strong></span> <span class='ocrx_word' id='word_1_208' title='bbox 1532 2889 1968 2973; x_wconf 85' lang='lat' dir='ltr'><strong>pertimescas:</strong></span> <span class='ocrx_word' id='word_1_209' title='bbox 2015 2890 2233 2966; x_wconf 73' lang='lat' dir='ltr'><strong>‘QUOD</strong></span> <span class='ocrx_word' id='word_1_210' title='bbox 2272 2907 2366 2952; x_wconf 84' lang='lat' dir='ltr'><strong>&#39;rv</strong></span> 
     </span>
     <span class='ocr_line' id='line_1_29' title="bbox 344 2977 2367 3062; baseline -0 -20"><span class='ocrx_word' id='word_1_211' title='bbox 344 2995 560 3042; x_wconf 73' lang='grc' dir='ltr'><strong>Ριιιοιι</strong></span> <span class='ocrx_word' id='word_1_212' title='bbox 595 2995 672 3042; x_wconf 86' lang='lat' dir='ltr'><strong>v1</strong></span> <span class='ocrx_word' id='word_1_213' title='bbox 702 2993 1084 3042; x_wconf 78' lang='lat' dir='ltr'><strong>nomimms</strong></span> <span class='ocrx_word' id='word_1_214' title='bbox 1123 2993 1428 3042; x_wconf 73' lang='lat' dir='ltr'><strong>ARMAms</strong></span> <span class='ocrx_word' id='word_1_215' title='bbox 1456 2993 1603 3042; x_wconf 69' lang='lat' dir='ltr'><strong>non</strong></span> <span class='ocrx_word' id='word_1_216' title='bbox 1626 2978 1994 3062; x_wconf 65' lang='lat' dir='ltr'><strong>vnnnn1s&#39;3.</strong></span> <span class='ocrx_word' id='word_1_217' title='bbox 2022 2977 2157 3040; x_wconf 85' lang='lat' dir='ltr'><strong>scio</strong></span> <span class='ocrx_word' id='word_1_218' title='bbox 2194 2977 2367 3041; x_wconf 83' lang='lat' dir='ltr'><strong>enim</strong></span> 
     </span>
    </p>
   </div>
   <div class='ocr_carea' id='block_1_7' title="bbox 346 3060 2567 3151">
    <p class='ocr_par' dir='ltr' id='par_1_9' title="bbox 346 3060 2567 3151">
     <span class='ocr_line' id='line_1_30' title="bbox 346 3060 2567 3151; baseline -0.003 -20"><span class='ocrx_word' id='word_1_219' title='bbox 346 3070 412 3131; x_wconf 90' lang='lat' dir='ltr'><strong>te</strong></span> <span class='ocrx_word' id='word_1_220' title='bbox 455 3088 587 3131; x_wconf 91' lang='grc' dir='ltr'><strong>ιιοιι</strong></span> <span class='ocrx_word' id='word_1_221' title='bbox 632 3086 767 3130; x_wconf 85' lang='lat' dir='ltr'><strong>esse</strong></span> <span class='ocrx_word' id='word_1_222' title='bbox 810 3087 1142 3150; x_wconf 85' lang='lat' dir='ltr'><strong>procacem</strong></span> <span class='ocrx_word' id='word_1_223' title='bbox 1179 3065 1248 3129; x_wconf 94' lang='lat' dir='ltr'><strong>in</strong></span> <span class='ocrx_word' id='word_1_224' title='bbox 1282 3065 1664 3130; x_wconf 65' lang='lat' dir='ltr'><strong>lacessendo</strong></span> <span class='ocrx_word' id='word_1_225' title='bbox 1748 3064 1889 3149; x_wconf 76' lang='lat' dir='ltr'><strong>Sed,</strong></span> <span class='ocrx_word' id='word_1_226' title='bbox 1934 3068 2008 3129; x_wconf 90' lang='lat' dir='ltr'><strong>ut</strong></span> <span class='ocrx_word' id='word_1_227' title='bbox 2054 3086 2174 3151; x_wconf 85' lang='lat' dir='ltr'><strong>ego</strong></span> <span class='ocrx_word' id='word_1_228' title='bbox 2211 3086 2367 3148; x_wconf 90' lang='lat' dir='ltr'><strong>quo—</strong></span> <span class='ocrx_word' id='word_1_229' title='bbox 2394 3083 2451 3122; x_wconf 71' lang='lat' dir='ltr'><strong>so</strong></span> <span class='ocrx_word' id='word_1_230' title='bbox 2566 3060 2567 3095; x_wconf 60' lang='lat'><em>³</em></span> 
     </span>
    </p>
   </div>
   <div class='ocr_carea' id='block_1_8' title="bbox 345 3151 2453 3591">
    <p class='ocr_par' dir='ltr' id='par_1_10' title="bbox 345 3151 2453 3591">
     <span class='ocr_line' id='line_1_31' title="bbox 348 3151 2368 3271; baseline -0.001 -52"><span class='ocrx_word' id='word_1_231' title='bbox 348 3176 471 3237; x_wconf 90' lang='lat' dir='ltr'><strong>que</strong></span> <span class='ocrx_word' id='word_1_232' title='bbox 514 3158 582 3218; x_wconf 92' lang='lat' dir='ltr'><strong>te</strong></span> <span class='ocrx_word' id='word_1_233' title='bbox 626 3154 872 3238; x_wconf 88' lang='lat' dir='ltr'><strong>aliquid</strong></span> <span class='ocrx_word' id='word_1_234' title='bbox 914 3154 1292 3219; x_wconf 87' lang='lat' dir='ltr'><strong>admoneam</strong></span> <span class='ocrx_word' id='word_1_235' title='bbox 1339 3154 1415 3218; x_wconf 90' lang='lat' dir='ltr'><strong>de</strong></span> <span class='ocrx_word' id='word_1_236' title='bbox 1458 3154 1689 3218; x_wconf 80' lang='lat' dir='ltr'><strong>vestris</strong></span> <span class='ocrx_word' id='word_1_237' title='bbox 1734 3151 2141 3218; x_wconf 87' lang='lat' dir='ltr'><strong>cautionibus</strong></span> <span class='ocrx_word' id='word_1_238' title='bbox 2136 3203 2170 3271; x_wconf 73' lang='lat' dir='ltr'><strong>e&#39;</strong></span> <span class='ocrx_word' id='word_1_239' title='bbox 2214 3151 2368 3217; x_wconf 85' lang='lat' dir='ltr'><strong>Tre-</strong></span> 
     </span>
     <span class='ocr_line' id='line_1_32' title="bbox 347 3240 2368 3327; baseline -0.002 -21"><span class='ocrx_word' id='word_1_240' title='bbox 347 3242 522 3306; x_wconf 84' lang='lat' dir='ltr'><strong>viros</strong></span> <span class='ocrx_word' id='word_1_241' title='bbox 557 3242 721 3307; x_wconf 84' lang='lat' dir='ltr'><strong>vites</strong></span> <span class='ocrx_word' id='word_1_242' title='bbox 758 3264 998 3308; x_wconf 90' lang='lat' dir='ltr'><strong>censeo.</strong></span> <span class='ocrx_word' id='word_1_243' title='bbox 1044 3241 1260 3306; x_wconf 82' lang='lat' dir='ltr'><strong>Audio</strong></span> <span class='ocrx_word' id='word_1_244' title='bbox 1306 3242 1597 3326; x_wconf 87' lang='lat' dir='ltr'><strong>capitalis</strong></span> <span class='ocrx_word' id='word_1_245' title='bbox 1634 3264 1795 3327; x_wconf 84' lang='lat' dir='ltr'><strong>esse3</strong></span> <span class='ocrx_word' id='word_1_246' title='bbox 1840 3240 2155 3305; x_wconf 77' lang='lat' dir='ltr'><strong>mallem‘</strong></span> <span class='ocrx_word' id='word_1_247' title='bbox 2159 3257 2368 3324; x_wconf 75' lang='lat' dir='ltr'>AERE,</span> 
     </span>
     <span class='ocr_line' id='line_1_33' title="bbox 345 3292 2370 3416; baseline -0.001 -23"><span class='ocrx_word' id='word_1_248' title='bbox 345 3347 697 3416; x_wconf 78' lang='lat' dir='ltr'><strong>ARGENTO,</strong></span> <span class='ocrx_word' id='word_1_249' title='bbox 741 3332 964 3396; x_wconf 80' lang='lat' dir='ltr'>AURO&#39;</span> <span class='ocrx_word' id='word_1_250' title='bbox 1011 3335 1236 3395; x_wconf 90' lang='lat' dir='ltr'><strong>essent.</strong></span> <span class='ocrx_word' id='word_1_251' title='bbox 1328 3329 1457 3396; x_wconf 86' lang='lat' dir='ltr'><strong>Sed</strong></span> <span class='ocrx_word' id='word_1_252' title='bbox 1501 3330 1658 3394; x_wconf 89' lang='lat' dir='ltr'><strong>alias</strong></span> <span class='ocrx_word' id='word_1_253' title='bbox 1703 3329 2075 3394; x_wconf 87' lang='lat' dir='ltr'><strong>iocabimur.</strong></span> <span class='ocrx_word' id='word_1_254' title='bbox 2138 3327 2239 3393; x_wconf 88' lang='grc' dir='ltr'><strong>Τιι</strong></span> <span class='ocrx_word' id='word_1_255' title='bbox 2283 3292 2370 3391; x_wconf 82' lang='lat' dir='ltr'><strong>ad</strong></span> 
     </span>
     <span class='ocr_line' id='line_1_34' title="bbox 346 3415 2370 3501; baseline 0 -21"><span class='ocrx_word' id='word_1_256' title='bbox 346 3438 450 3481; x_wconf 93' lang='lat' dir='ltr'><strong>me</strong></span> <span class='ocrx_word' id='word_1_257' title='bbox 507 3418 582 3481; x_wconf 90' lang='lat' dir='ltr'><strong>de</strong></span> <span class='ocrx_word' id='word_1_258' title='bbox 638 3418 780 3482; x_wconf 88' lang='lat' dir='ltr'><strong>istis</strong></span> <span class='ocrx_word' id='word_1_259' title='bbox 832 3419 1024 3484; x_wconf 91' lang='lat' dir='ltr'><strong>rebus</strong></span> <span class='ocrx_word' id='word_1_260' title='bbox 1080 3419 1378 3484; x_wconf 90' lang='lat' dir='ltr'><strong>omnibus</strong></span> <span class='ocrx_word' id='word_1_261' title='bbox 1432 3418 1673 3484; x_wconf 86' lang='lat' dir='ltr'><strong>scribas</strong></span> <span class='ocrx_word' id='word_1_262' title='bbox 1725 3418 1920 3483; x_wconf 84' lang='lat' dir='ltr'><strong>velim</strong></span> <span class='ocrx_word' id='word_1_263' title='bbox 1976 3439 2168 3501; x_wconf 89' lang='lat' dir='ltr'><strong>quam</strong></span> <span class='ocrx_word' id='word_1_264' title='bbox 2225 3415 2370 3480; x_wconf 89' lang='lat' dir='ltr'><strong>dili-</strong></span> 
     </span>
     <span class='ocr_line' id='line_1_35' title="bbox 345 3505 2453 3591; baseline 0.002 -24"><span class='ocrx_word' id='word_1_265' title='bbox 345 3505 732 3591; x_wconf 86' lang='lat' dir='ltr'><strong>gentissime.</strong></span> <span class='ocrx_word' id='word_1_266' title='bbox 823 3506 902 3571; x_wconf 92' lang='lat' dir='ltr'><strong>D.</strong></span> <span class='ocrx_word' id='word_1_267' title='bbox 948 3525 1052 3571; x_wconf 91' lang='lat'>1111</span> <span class='ocrx_word' id='word_1_268' title='bbox 1095 3507 1291 3573; x_wconf 84' lang='grc' dir='ltr'><strong>Νοιι.</strong></span> <span class='ocrx_word' id='word_1_269' title='bbox 1309 3506 1495 3572; x_wconf 87' lang='lat' dir='ltr'><strong>Mart.</strong></span> <span class='ocrx_word' id='word_1_270' title='bbox 2398 3521 2453 3562; x_wconf 78' lang='lat'><strong>³⁵</strong></span> 
     </span>
    </p>
   </div>
   <div class='ocr_carea' id='block_1_9' title="bbox 2558 3156 2567 3199">
    <p class='ocr_par' dir='ltr' id='par_1_11' title="bbox 2558 3156 2567 3199">
     <span class='ocr_line' id='line_1_36' title="bbox 2558 3156 2567 3199; baseline 0 0"><span class='ocrx_word' id='word_1_271' title='bbox 2558 3156 2567 3199; x_wconf 61' lang='grc' dir='ltr'><strong>ι</strong></span> 
     </span>
    </p>
   </div>
  </div>
 </body>
</html>
