2567 3884
289 185 418 250 194
1037 185 1557 240 EPISTULARUM

1167 396 1435 464 XXVII.

478 517 592 574 Sor.
631 519 856 586 Romae,
891 526 955 574 ut
988 521 1220 587 videtwr,
1249 526 1376 588 post
1412 535 1480 574 m.
1520 519 1692 574 Mart.
1730 537 1783 575 a.
1824 522 1935 574 702
1974 522 2110 588 (52).
2196 578 2202 584 ,

863 641 939 697 Μ.
979 640 1234 696 CICERO
1274 641 1327 697 S.
1365 641 1431 697 D.
1472 640 1725 697 GALLO.

419 765 641 851 Miror,
687 788 802 831 cur
843 788 947 830 me
993 787 1246 831 accuses
1255 818 1272 851 ,
1334 788 1480 831 cum
1524 766 1649 830 tibi
1693 766 1763 830 id
1807 767 2013 831 facere
2059 788 2191 832 non
2235 767 2311 831 li-

287 859 440 920 ceat.
533 855 775 931 Quodsi
817 855 1057 940 liceret,
1101 858 1319 918 tamen
1361 877 1493 918 non
1531 855 1821 919 debebas,
1914 855 2092 942 ‘Ego
2138 856 2310 919 enim
2356 873 2395 914 ‚⁵

286 948 351 1008 te
396 943 465 1006 in
511 944 844 1007 consulatu
891 943 1350 1027 observaram',
1406 946 1471 1006 et
1526 942 1620 1006 ais
1664 943 1803 1006 fore
1848 946 1922 1007 ut
1965 947 2031 1007 te
2078 941 2313 1007 Caesar

286 1031 599 1096 restituat.
682 1030 890 1096 Multa
926 1035 998 1095 tu
1036 1031 1296 1115 quidem
1334 1031 1510 1116 diois,
1556 1030 1667 1094 sed
1702 1031 1827 1094 tibi
1862 1053 2053 1095 nemo
2090 1032 2307 1096 credit.

287 1119 716 1183 Tribunatum
759 1119 973 1203 plebei
1020 1119 1178 1183 dicis
1223 1122 1290 1183 te
1334 1140 1477 1182 mea
1512 1139 1701 1183 causa
1743 1120 1995 1203 petisse.
2042 1118 2311 1184 Utinam

287 1229 537 1291 semper
599 1229 766 1271 esses
827 1207 1152 1272 tribunus!
1225 1208 1710 1271 intercessorem
1767 1228 1899 1272 non
1958 1229 2309 1291 quaer-eree.

286 1295 503 1382 Negas
557 1317 660 1358 me
714 1295 970 1380 audere,
1025 1295 1200 1380 quod
1253 1296 1552 1379 sentiam,
1610 1295 1833 1360 dicere.
1926 1295 2122 1371 Quasi
2166 1296 2309 1380 tibi,
2338 1315 2395 1356 ιο

288 1405 434 1533 gum
493 1383 898 1467 impudenter
953 1405 1056 1448 me
1111 1405 1403 1470 rogares,
1461 1404 1689 1468 parum
1743 1383 2002 1448 fortiter
2054 1405 2312 1468 respon-

333 1492 510 1535 erim.

420 1558 597 1623 Haec
648 1559 773 1622 tibi
827 1559 1080 1643 scripsi,
1140 1563 1213 1623 ut
1268 1559 1395 1624 isto
1451 1559 1592 1643 ipso
1638 1559 1708 1623 in
1753 1581 2011 1646 genere,
2066 1560 2135 1623 in
2181 1582 2310 1644 quo

289 1646 533 1730 aliquid
584 1668 771 1730 posse
824 1647 949 1732 viS,
1003 1651 1068 1711 te
1121 1647 1288 1710 nihil
1348 1669 1482 1712 esse
1544 1668 1973 1734 cognosceres
2067 1648 2310 1724 Quodsi

285 1735 653 1799 humaniter
704 1756 955 1799 mecum
1010 1740 1271 1819 questus
1327 1757 1519 1818 esses,
1578 1735 1855 1800 libenter
1909 1736 2035 1800 tibi
2088 1758 2191 1800 me
2245 1741 2319 1800 et*
2340 1754 2394 1795 15

287 1823 474 1887 facile
525 1844 927 1910 purgassem3
980 1844 1112 1887 non
1165 1825 1338 1887 enim
1392 1823 1647 1910 ingrata
1699 1823 1863 1887 mihi
1918 1827 2093 1908 sunt,
2149 1845 2311 1908 quae

287 1912 516 1997 fecisti,
551 1912 680 1996 sed,
718 1932 879 1995 quae
907 1911 1236 1996 scripsisti,
1272 1912 1559 1976 molesta.
1633 1911 1740 1976 Me
1777 1915 2009 1996 autem,
2046 1916 2311 1996 propter

288 2021 479 2083 quem
538 1999 734 2064 ceteri
785 1999 975 2063 liberi
1031 2003 1204 2085 sunt,
1263 2000 1388 2064 tibi
1444 2000 1722 2063 liberum
1777 2021 1907 2063 non
1953 2001 2164 2064 visum
2210 2001 2313 2064 de-

287 2088 502 2152 miror.
592 2087 788 2172 Nam,
836 2087 890 2150 si
936 2087 1096 2150 falsa
1139 2089 1417 2172 fuerunt,
1464 2109 1625 2171 quae
1670 2092 1744 2152 tu
1790 2087 1871 2150 ad
1914 2111 2035 2172 me,
2081 2091 2154 2152 ut
2199 2089 2311 2172 aiS,

289 2177 306 2204 ‘
323 2175 668 2258 detulisti',
714 2175 871 2260 quid
923 2175 1046 2238 tibi
1102 2197 1222 2262 ego
1272 2176 1517 2240 debeo?
1583 2175 1637 2239 si
1663 2197 1858 2261 -vera,
1913 2180 1989 2240 tu
2034 2197 2102 2240 es
2148 2176 2311 2261 opti-
2338 2194 2393 2235 πο

286 2284 430 2326 mus
474 2264 684 2349 testis,
741 2263 896 2348 quid
940 2263 1103 2327 mihi
1146 2287 1206 2348 p.
1255 2263 1332 2327 R.
1382 2263 1625 2328 debeat.

1150 2489 1449 2557 XXVIII.

715 2613 828 2670 Ser.
867 2613 1075 2668 Romae
1111 2615 1188 2668 in.
1217 2631 1284 2667 m.
1318 2612 1463 2668 Seaet.
1502 2631 1555 2667 a.
1594 2617 1707 2669 708
1747 2615 1885 2682 (46).

879 2735 954 2791 M.
996 2733 1251 2790 CICERO
1294 2734 1345 2789 S.
1383 2734 1451 2790 D.
1492 2733 1724 2790 CURIO.

419 2879 719 2965 Memini,
781 2899 926 2943 cum
979 2878 1143 2942 mihi
1200 2878 1485 2962 desipere
1540 2879 1873 2964 videbare,
1935 2879 2109 2963 quod
2166 2900 2313 2944 cum
2342 2898 2398 2940 2⁵

287 2968 429 3032 istis
474 2969 693 3052 potius
737 2967 984 3032 viveres
1031 2986 1224 3051 quam
1268 2967 1621 3032 nobiscum.
1682 2967 1845 3032 Erat
1889 2968 2063 3031 enim
2106 2968 2313 3032 multo

290 3057 686 3120 domicilium
720 3055 915 3119 huius
951 3055 1152 3138 urbiS,
1198 3076 1345 3117 cum
1383 3055 1643 3138 quidem
1686 3055 1846 3119 haec
1880 3055 2054 3139 urbs,
2100 3056 2315 3140 aptius
2366 3072 2417 3112 .‘

285 3144 676 3208 humanitati
731 3148 795 3207 et
851 3143 1154 3206 suavitati
1199 3146 1348 3206 tuae
1395 3165 1588 3226 quam
1634 3147 1775 3207 tota
1816 3142 2315 3230 Peloponnesus,

288 3233 524 3296 nedum
577 3231 824 3295 Patrae.
913 3230 1105 3295 Nunc
1161 3234 1385 3294 contra
1439 3235 1503 3294 et
1548 3231 1785 3295 vidisse
1827 3231 1993 3296 mihi
2036 3232 2315 3296 multum

287 3320 542 3403 videris„
589 3340 735 3383 cum
779 3341 982 3404 prope
1020 3318 1369 3401 desperatis
1404 3318 1509 3381 his
1545 3320 1737 3383 rebus
1772 3323 1838 3383 te
1874 3319 1944 3382 in
1982 3318 2315 3385 Graeciam
2343 3339 2400 3380 so

291 3408 638 3491 contulisti,
685 3412 749 3471 et
791 3407 918 3471 hoc
962 3410 1249 3489 tempore
1286 3427 1418 3468 non
1455 3407 1664 3471 solum
1700 3408 1970 3492 sapienS,
2015 3408 2128 3492 qui
2162 3408 2317 3472 hinc

290 3494 479 3578 apsis,
526 3495 638 3558 sed
682 3495 877 3559 etiam
921 3495 1163 3559 beatuS.
1257 3493 1657 3578 Quamquam
1705 3497 1866 3581 quiS,
1913 3496 2024 3580 qui
2070 3495 2317 3580 aliquid
