2567 3884
974 224 1192 277 LIBER
1227 225 1279 278 X
1317 230 1474 280 1—3.
2123 226 2251 291 261

1177 472 1294 538 ΠΙ.

455 610 569 666 Ser.
607 610 815 665 Romae
849 612 1022 680 paulo
1049 618 1177 680 post
1212 611 1314 665 IV
1341 611 1430 665 Id.
1469 612 1603 667 Dec.
1642 630 1695 667 α.
1735 615 1846 668 710
1886 614 2021 681 (44).

898 749 1154 805 CICERO
1192 749 1482 805 PLANCO
1522 751 1575 807 S.

358 896 520 961 Cum
567 896 781 979 ipsum
827 895 1143 959 Furnium
1188 916 1306 980 per
1352 917 1418 958 se
1464 896 1601 960 vidi
1643 896 2069 977 libentissime
2114 900 2255 960 tum
2295 914 2323 961 1

167 999 193 1040 ⁵
221 984 347 1048 hoc
398 984 734 1069 libentius,
792 984 966 1068 quod
1019 984 1204 1047 illum
1261 984 1527 1047 audiens
1580 988 1644 1048 te
1698 985 1965 1049 videbar
2018 984 2253 1049 audjre.

220 1072 392 1138 Nam
448 1076 512 1136 et
567 1073 634 1135 in
691 1094 759 1135 re
812 1070 1082 1135 militari
1136 1071 1445 1135 virtutem
1500 1075 1565 1135 et
1622 1073 1690 1136 in
1751 1073 2255 1137 administranda

220 1160 554 1245 provincia
597 1160 915 1223 iustitiam
952 1163 1016 1223 et
1058 1159 1126 1222 in
1165 1160 1341 1223 omni
1378 1182 1610 1246 genere
1645 1162 2054 1245 prudentiam
2090 1161 2253 1224 mihi

222 1253 402 1312 tuam
447 1249 745 1332 exposuit
791 1251 854 1311 et
900 1252 1228 1330 praeterea
1271 1247 1436 1311 mihi
1480 1269 1611 1312 non
1657 1249 1949 1335 ignotam
1994 1250 2062 1312 in
2108 1270 2254 1313 con-

225 1337 560 1400 suetudine
621 1340 686 1399 et
745 1336 1185 1399 familiaritate
1243 1335 1627 1400 suavitatem
1685 1341 1895 1423 tuam3
1959 1338 2253 1401 adiunxit

141 1443 196 1483 10
223 1428 552 1509 praeterea
597 1446 913 1488 summam
960 1446 1114 1509 erga
1157 1445 1223 1487 se
1260 1424 1731 1488 liberalitatem.
1824 1425 2000 1501 Quae
2038 1425 2253 1489 omnia

223 1513 385 1577 mihi
431 1513 724 1598 iucunda,
769 1513 895 1577 hoc
938 1516 1301 1576 extremum
1338 1513 1533 1575 etiam
1577 1516 1836 1599 gratum
1881 1514 2022 1577 fuit.
2088 1513 2251 1600 Ego,
2289 1533 2321 1579 2

221 1600 482 1686 Plance,
537 1600 1072 1689 necessitudinem
1128 1601 1544 1664 constitutam
1598 1601 1799 1665 habui
1858 1623 2004 1665 cum
2060 1602 2251 1666 domo

222 1694 436 1753 vestra
482 1693 630 1753 ante
678 1689 1035 1773 aliquante,
1084 1710 1277 1771 quam
1322 1692 1396 1752 tu
1441 1692 1630 1752 natus
1676 1711 1769 1773 es,
1816 1711 2101 1753 amorem
2146 1712 2253 1754 au-

221 1781 352 1841 tem
401 1799 553 1863 erga
606 1780 672 1841 te
727 1777 808 1840 ab
867 1777 1127 1840 ineunte
1180 1776 1460 1860 pueritia
1507 1781 1643 1861 tua,
1702 1778 2079 1841 confirmata
2123 1778 2253 1841 iam

139 1883 192 1924 15
221 1869 430 1930 aetate
475 1866 980 1929 familiaritatem
1027 1885 1171 1928 cum
1218 1864 1432 1928 studio
1478 1886 1623 1929 meo
1667 1868 1807 1929 tum
1852 1866 2091 1929 iudicio
2137 1870 2252 1930 tuo

221 1954 656 2019 constitutam.
745 1952 868 2016 His
916 1953 991 2015 de
1039 1952 1244 2015 causis
1289 1952 1675 2017 mirabiliter
1718 1954 1901 2018 faveo
1950 1954 2255 2039 dignitati

219 2046 395 2126 tuae,
461 2064 654 2125 quam
716 2041 880 2104 mihi
941 2044 1156 2104 tecum
1217 2044 1432 2104 statuo
1487 2042 1533 2124 †
1586 2041 1823 2105 habere
1887 2063 2023 2105 esse
2085 2062 2254 2105 com-

221 2152 499 2194 munem.
593 2128 825 2193 Omnia
890 2150 1139 2192 summa
1202 2132 1580 2193 consecutus
1644 2150 1711 2193 es
1773 2130 2014 2193 virtute
2078 2130 2253 2215 duce,

223 2218 457 2282 comite
502 2218 762 2281 fortuna
808 2238 1007 2300 eaque
1054 2239 1120 2280 es
1165 2217 1434 2300 adeptus
1479 2217 1848 2281 adulescens
1892 2218 2115 2282 multis
2161 2218 2254 2281 in-

138 2324 194 2363 10
223 2305 622 2389 videntibus,
683 2326 844 2389 quos
904 2305 1165 2390 ingenio
1220 2305 1664 2389 industriaque
1721 2306 2005 2392 fregisti3
2064 2328 2252 2391 nunc,

223 2416 326 2457 me
381 2394 892 2457 amantissimum
948 2393 1071 2476 tui,
1130 2393 1378 2457 nemini
1433 2394 1909 2479 concedentem,
1971 2395 2083 2479 qui
2128 2396 2254 2458 tibi

222 2485 541 2546 vetustate
595 2481 1083 2545 necessitudinis
1141 2481 1361 2564 potior
1412 2482 1619 2564 possit
1680 2504 1840 2567 esse,
1902 2482 1957 2545 si
2015 2483 2253 2566 audies,

224 2591 480 2633 omnem
536 2568 662 2633 tibi
715 2569 997 2652 reliquae
1053 2569 1223 2632 vitae
1281 2570 1663 2654 dignitatem
1720 2592 1797 2633 ex
1852 2570 2096 2654 optimo
2158 2571 2253 2633 rei

220 2682 281 2742 p.
323 2660 494 2721 statu
532 2657 845 2741 adquires,
939 2654 1078 2720 Scis
1121 2658 1414 2741 profecto
1462 2655 1658 2745 (nihil
1702 2658 1873 2721 enim
1919 2661 1983 2721 te
2029 2659 2253 2743 fugere
2290 2676 2323 2723 3

138 2762 192 2804 25
220 2743 466 2832 potuit)
522 2745 718 2808 fuisse
775 2744 1096 2828 quoddam
1150 2748 1431 2829 tempus,
1492 2767 1637 2809 cum
1688 2745 1982 2809 homines
2038 2746 2253 2808 existi-

218 2837 471 2898 marent
507 2836 572 2897 te
618 2833 812 2896 nimis
859 2833 1098 2897 servire
1143 2834 1563 2917 temporibuS,
1611 2833 1784 2916 quod
1830 2854 1949 2918 ego
1997 2855 2253 2916 quoque

221 2922 682 3005 existimarem,
738 2925 802 2985 te
848 2921 903 2985 si
950 2943 1047 3004 ea,
1106 2943 1267 3005 quae
1322 2921 1678 3006 patiebare,
1736 2920 2011 3004 probare
2058 2921 2253 2985 etiam

219 3011 596 3094 arbitrarer3
625 3010 752 3093 sed,
775 3031 920 3073 cum
941 3008 1399 3095 intellegerem,
1430 3009 1586 3093 quid
1605 3009 1891 3093 sentireS,
1904 3009 2256 3093 prudenter

217 3103 283 3163 te
329 3098 700 3163 arbitrabar
744 3098 988 3182 videre,
1035 3097 1191 3180 quid
1234 3118 1472 3181 posses.
1588 3095 1781 3161 Nunc
1834 3097 1960 3160 alia
2006 3098 2254 3163 ratiost.

135 3205 190 3244 ⁸0
219 3186 524 3251 Omnium
559 3208 776 3251 rerum
813 3190 999 3249 tuum
1044 3185 1435 3269 iudiciumst,
1481 3185 1675 3267 idque
1711 3185 2004 3249 liberum.
2090 3183 2254 3249 Con-

217 3276 318 3339 sul
372 3297 439 3338 es
495 3275 895 3360 designatuS,
962 3274 1208 3357 optima
1261 3277 1496 3357 aetate,
1560 3295 1810 3337 summa
1868 3274 2251 3358 eloquentia,

216 3364 496 3427 maxima
570 3363 849 3426 orbitate
921 3362 1018 3425 rei
1087 3385 1147 3446 p.
1213 3360 1503 3425 virorum
1574 3361 1819 3425 talium.
1925 3360 2252 3447 Incumbe,

214 3475 330 3536 per
387 3452 538 3515 deos
592 3450 1004 3514 immortalis!
1067 3449 1137 3512 in
1192 3472 1333 3513 eam
1389 3472 1609 3513 curam
1663 3453 1728 3514 et
1775 3450 2251 3536 cogitationem,

216 3562 378 3625 quae
416 3539 540 3603 tibi
579 3560 895 3603 summam
934 3538 1317 3621 dignitatem
1355 3541 1420 3605 et
1456 3537 1732 3625 gloriam
1770 3538 2041 3626 adferat3
2087 3562 2189 3603 un·
