2567 3884
828 136 1046 190 LIBER
1080 137 1158 190 IV
1196 142 1352 191 5—7.
2023 139 2104 199 91

71 281 221 345 foro
268 302 457 368 agere
501 280 775 365 libebat,
821 281 1104 365 aspicere
1150 280 1395 345 curiam
1439 302 1570 345 non
1614 284 1933 364 poteram,
1979 283 2107 344 exi-

72 369 436 454 stimabam,
482 369 552 433 id
596 368 772 452 quod
816 372 970 453 erat,
1018 369 1226 433 omnis
1271 390 1376 432 me
1422 373 1488 433 et
1532 368 1885 434 industriae
1929 390 2107 432 meae

71 458 324 522 fructus
384 460 448 521 et
507 458 805 521 fortunae
863 457 1232 541 perdidisse.
1326 455 1483 541 Sed,
1548 478 1694 521 cum
1755 456 2103 543 cogitarem

69 545 234 609 haec
285 544 449 609 mihi
500 548 714 609 tecum
768 548 834 609 et
888 566 1034 609 cum
1090 544 1476 629 quibusdam
1530 566 1667 609 esse
1725 547 2103 623 communia,

17 650 44 691 ⁵
73 636 141 698 et
188 654 335 697 cum
388 633 753 719 frangerem
806 632 936 696 iam
981 634 1118 717 ipse
1163 654 1267 698 me
1314 654 1737 719 cogeremque
1782 632 1896 696 illa
1940 633 2107 697 ferre

71 721 444 805 toleranter,
489 720 825 805 habebam,
872 743 1000 805 quo
1047 721 1486 807 confugerem,
1546 721 1660 785 ubi
1706 720 2104 804 conquiesce-

72 831 242 895 rem,
298 809 479 873 cuius
524 809 593 873 in
637 830 931 873 sermone
976 813 1041 874 et
1085 810 1402 874 suavitate
1447 809 1657 873 omnis
1704 829 1886 872 curas
1934 808 2107 871 dolo„

72 918 307 982 resque
353 897 752 981 deponerem.
796 896 990 961 Nunc
1033 901 1249 961 autem
1294 897 1420 961 hoc
1454 900 1589 960 tam
1625 897 1812 983 gravi*
1844 897 2107 961 vulnere

74 986 275 1050 etiam
321 985 460 1069 illa,
508 1007 670 1069 quae
716 985 1123 1049 consanuisse
1165 985 1582 1069 videbantur,
1629 985 2107 1067 recrudescunt3

0 1094 47 1133 ιο
73 1096 210 1139 non
265 1073 465 1159 enim,
523 1076 597 1137 ut
650 1076 792 1137 tum
835 1094 941 1137 me
985 1096 1025 1137 a
1067 1095 1137 1137 re
1189 1073 1452 1157 publica
1502 1076 1820 1137 maestum
1881 1073 2107 1137 domus

75 1162 466 1247 excipiebat,
523 1182 685 1245 quae
737 1161 1006 1246 levaret,
1066 1161 1160 1226 sic
1210 1182 1384 1226 nunc
1438 1161 1629 1225 domo
1683 1182 1972 1225 maerens
2027 1163 2107 1223 ad

77 1273 217 1315 rem
259 1250 587 1334 publicam
632 1250 978 1335 confugere
1021 1270 1303 1333 possum,
1353 1253 1429 1313 ut
1473 1250 1542 1313 in
1589 1249 1725 1313 eius
1769 1249 1959 1313 bonis
2004 1251 2107 1312 ad-

76 1339 420 1423 quiescam.
510 1336 738 1421 Itaque
784 1341 849 1401 et
904 1337 1095 1401 domo
1142 1338 1370 1402 absum
1424 1340 1489 1402 et
1542 1338 1713 1420 foro,
1775 1337 1950 1421 quod
1991 1359 2107 1400 ner¹

78 1432 227 1491 eum
274 1426 588 1509 dolorem,
645 1447 836 1509 quem
883 1426 960 1489 de
1006 1448 1075 1490 re
1119 1426 1381 1509 publica
1435 1426 1645 1509 capi0,
1707 1425 1933 1490 domus
1979 1425 2107 1489 iam

0 1533 52 1574 ιε»
79 1515 400 1580 consolari
443 1517 659 1598 potest
701 1535 820 1578 nec
866 1514 1288 1578 domesticum
1333 1534 1435 1578 res
1478 1513 1754 1597 publica.

214 1602 357 1679 Quo
403 1601 610 1688 magis
653 1604 721 1667 te
766 1605 1032 1686 expecto
1087 1606 1279 1686 teque
1325 1601 1542 1666 videre
1588 1624 1780 1686 quam
1825 1600 2107 1685 primum
2147 1619 2179 1663 :J

81 1691 303 1775 cupi03
348 1690 557 1755 maius
599 1689 765 1754 mihi
810 1690 1121 1754 solacium
1166 1691 1418 1754 adferre
1461 1690 1629 1754 ratio
1673 1689 1853 1753 nulla
1895 1694 2111 1773 potest

81 1801 277 1863 quam
297 1778 664 1843 coniunctio
685 1778 1164 1844 consuetudinis
1191 1799 1687 1861 sermonumque
1712 1780 2111 1859 nostrorumg

80 1888 473 1951 quamquam
489 1866 826 1950 sperabam
842 1870 1029 1931 tuum
1047 1867 1394 1931 adventum
1413 1863 1535 1952 (sic
1554 1865 1725 1930 enim
1743 1863 2111 1965 audiebam)

0 1976 55 2016 so
82 1956 614 2040 adpropinquare.
705 1954 851 2041 Ego
906 1959 1122 2019 autem
1176 1976 1324 2018 cum
1376 1954 1600 2018 multis
1655 1954 1734 2017 de
1786 1954 1993 2017 causis
2044 1959 2111 2015 te

83 2047 321 2128 exopto
368 2065 561 2127 quam
603 2043 888 2127 primum
931 2043 1167 2127 videre,
1201 2047 1345 2106 tum
1390 2042 1586 2106 etiam
1630 2044 1704 2105 ut
1749 2044 1898 2106 ante
1943 2062 2111 2105 com-

81 2136 447 2196 mentemur
500 2130 670 2194 inter
720 2152 866 2214 noS,
923 2152 1049 2215 qua
1102 2131 1352 2195 ratione
1404 2130 1595 2194 nobis
1647 2129 2111 2194 traducendum

84 2220 173 2284 sit
213 2220 341 2283 hoc
384 2223 664 2303 tempuS,
724 2218 899 2302 quod
952 2222 1049 2283 est
1092 2222 1307 2282 totum
1352 2218 1434 2282 ad
1477 2218 1667 2282 unius
1712 2219 2111 2281 voluntatem

83 2308 696 2373 accommodandum
750 2310 815 2371 et
867 2306 1201 2390 prudentis
1256 2310 1322 2371 et
1374 2306 1661 2370 liberalis
1706 2310 1797 2390 et,
1856 2309 1930 2370 ut
1974 2327 2104 2389 per-

0 2414 58 2456 25
84 2396 370 2481 spexisse
427 2395 675 2479 videor,
733 2415 852 2460 nec
910 2417 948 2457 a
1004 2416 1108 2459 me
1168 2394 1362 2459 alieni
1425 2397 1490 2458 et
1543 2394 1669 2458 tibi
1723 2394 2111 2457 amicissimi.

83 2484 274 2561 Quod
333 2505 479 2548 cum
537 2483 631 2547 ita
689 2483 805 2568 sit,
863 2505 1134 2569 magnae
1192 2488 1410 2547 tamen
1463 2486 1561 2546 est
1616 2482 2111 2563 deliberationis,

85 2594 250 2656 quae
305 2572 472 2636 ratio
527 2572 614 2635 sit
668 2571 946 2636 ineunda
988 2571 1178 2635 nobis
1222 2592 1356 2635 non
1401 2571 1633 2656 agendi
1679 2570 1950 2655 aliquid,
2005 2571 2115 2635 sed

84 2661 263 2725 illius
308 2681 613 2725 concessu
658 2663 723 2723 et
768 2659 1080 2723 beneficio
1127 2659 1511 2743 quiescendi.
1601 2657 1780 2723 Vale.

1029 2884 1174 2951 VH.

0 3034 56 3073 ω
462 3008 575 3064 Ser.
625 3009 834 3065 Romae
872 3014 1002 3077 post
1035 3009 1125 3063 Id.
1164 3007 1311 3063 Sext.
1361 3025 1414 3062 a.
1455 3009 1566 3061 708
1607 3008 1746 3073 (46).

542 3132 617 3187 M.
657 3130 915 3186 monuo
955 3130 1007 3185 S.
1046 3130 1111 3185 D.
1151 3130 1225 3184 M.
1265 3127 1674 3203 MARCELLO.
1712 3146 1719 3152 ·

219 3275 368 3340 Etsi
429 3297 505 3341 eo
558 3279 625 3339 te
685 3274 894 3338 adhuc
953 3273 1222 3337 consilio
1267 3270 1472 3336 ‘usum
1526 3271 1866 3357 intellego,
1923 3273 1999 3333 ut
2055 3271 2119 3331 id
2163 3287 2183 3335 1

83 3364 554 3449 reprehendere
596 3384 729 3429 non
774 3363 1059 3446 audeam,
1104 3383 1235 3425 non
1281 3361 1439 3444 quin
1477 3360 1558 3424 ab
1597 3381 1673 3424 eo
1711 3360 1847 3443 ipse
1885 3358 2119 3423 dissen-

83 3453 266 3538 tiam,
312 3453 428 3517 sed
472 3452 647 3536 quod
691 3474 766 3516 ea
809 3455 875 3516 te
920 3450 1210 3534 sapienta
1255 3470 1392 3513 esse
1438 3449 1740 3533 iudicem,
1787 3451 1861 3511 ut
1904 3469 2119 3511 meum
