2567 3884
938 133 1156 187 LIBER
1191 134 1243 188 V
1282 140 1511 189 17—19.
1804 148 1807 153 ·
2124 135 2247 198 131

211 277 466 341 dicione
513 298 738 341 omnes
782 277 1074 341 homines
1121 280 1186 341 et
1231 278 1468 361 quibus
1512 278 1915 361 temporibus
1958 300 2078 343 nos
2113 280 2250 343 nati

213 366 436 450 simus,
481 366 747 451 cogites
837 364 996 429 Plus
1039 365 1164 430 tibi
1209 366 1418 431 virtus
1464 369 1576 429 tua
1623 365 1824 450 dedit,
1886 388 2078 449 quam
2124 367 2251 430 for-

211 458 377 518 tuna
431 452 728 537 abstulit,
788 457 1128 538 propterea
1187 453 1363 536 quod
1424 454 1693 537 adeptus
1756 476 1823 517 es
1884 455 2059 537 quod
2118 477 2251 519 non

213 542 415 607 multi
470 542 769 605 homines
821 542 976 605 novi
989 591 1006 624 ,
1067 542 1341 605 amisisti
1401 563 1563 625 quae
1629 542 1895 626 plurimi
1956 542 2251 607 homines

157 648 186 687 5
213 630 628 695 nobilissimi.
719 628 817 693 Ea
881 629 1155 713 denique
1213 630 1473 693 videtur
1530 630 1820 694 condicio
1883 630 2251 714 impendere

212 721 466 806 legum,
523 718 934 802 iudiciorum,
992 723 1383 801 temporum,
1439 721 1512 781 ut
1558 719 1801 802 optime
1845 721 2059 782 actum
2105 739 2250 781 cum

214 830 296 873 eo
333 806 630 870 videatur
674 827 826 890 esse,
874 805 986 889 (1111
1033 827 1224 889 quam
1268 806 1595 870 levissima
1636 828 1843 891 poena
1888 807 1969 870 ab
2015 806 2137 870 hac
2181 829 2251 870 18

213 920 278 981 p.
330 894 706 959 discesserit.
797 892 896 957 Tu
941 914 1114 979 vero,
1161 894 1273 977 qui
1320 898 1385 958 et
1430 895 1720 959 fortunas
1758 899 1823 959 et
1856 894 2097 959 liberos
2140 894 2251 957 ha-

215 986 373 1049 beas
429 986 496 1047 et
547 1003 666 1046 nos
727 985 1097 1066 ceterosque
1153 982 1621 1049 necessitudine
1682 986 1747 1047 et
1805 983 2251 1047 benevolentia

129 1090 188 1128 1⁰
214 1078 436 1138 tecum
495 1070 1077 1155 coniunctissimos,
1138 1090 1461 1154 quomque
1520 1094 1821 1157 magnam
1880 1071 2251 1135 facultatem

215 1163 312 1227 sis
354 1159 698 1224 habiturus
750 1158 1089 1223 nobiscum
1135 1162 1199 1221 et
1254 1179 1401 1223 cum
1456 1160 1755 1223 omnibus
1799 1160 1929 1224 tuis
1975 1160 2250 1244 vivendi,

216 1254 288 1315 et
334 1270 481 1313 cum
525 1269 726 1311 unum
788 1247 872 1310 sit
930 1247 1241 1310 iudicium
1300 1268 1381 1311 ex
1437 1251 1572 1311 tam
1628 1248 1879 1333 multis,
1940 1248 2113 1331 quod
2156 1269 2252 1313 re

213 1336 683 1437 prehendatur,
738 1338 814 1398 ut
858 1335 1033 1419 quod
1085 1356 1215 1399 una
1269 1336 1586 1399 sententia
1640 1357 1838 1420 eaque
1893 1336 2088 1417 dubia
2141 1357 2253 1420 po-

213 1426 462 1493 tentiae
509 1424 780 1488 alicuius
825 1424 1257 1487 condonatum
1314 1423 1741 1509 existimetur,
1796 1404 2097 1488 omnibus
2148 1424 2253 1488 his

129 1529 189 1569 1⁶
217 1517 300 1580 de
348 1514 556 1579 causis
604 1511 796 1576 debes
841 1511 1032 1577 istam
1075 1511 1442 1576 molestiam
1479 1534 1671 1595 quam
1706 1513 2031 1577 lenissime
2066 1514 2251 1577 ferre.

215 1604 405 1669 Meus
451 1602 704 1667 animus
750 1599 875 1663 erit
919 1599 988 1663 in
1034 1604 1098 1663 te
1142 1600 1510 1684 liberosque
1554 1604 1705 1665 tuos
1749 1622 2016 1685 semper,
2061 1623 2252 1685 quem

215 1698 295 1757 tu
341 1713 480 1757 esse
524 1690 655 1773 vis,
702 1692 768 1752 et
815 1688 926 1772 qui
971 1708 1108 1752 8888
1156 1688 1361 1752 debet.

1147 1914 1321 1985 XIX.

493 2040 608 2095 Ser.
646 2040 710 2093 im
749 2036 996 2093 Omnano
1031 2040 1156 2093 cire.
1195 2038 1296 2091 IV
1329 2038 1403 2093 K.
1443 2038 1590 2091 Mai.
1628 2056 1680 2093 a.
1721 2041 1831 2093 705
1868 2040 2007 2104 (49).

129 2166 187 2204 so
984 2158 1240 2214 CICERO
1277 2160 1491 2217 RUFO.

357 2306 504 2371 Etsi
551 2304 715 2370 mihi
757 2326 1110 2388 numquam
1156 2304 1425 2367 dubium
1472 2304 1629 2390 fuit,
1676 2305 1833 2389 quin
1877 2306 2002 2369 tibi
2048 2327 2251 2371 essem

219 2396 610 2478 carissimus,
658 2397 872 2457 tamen
918 2392 1154 2457 cotidie
1198 2393 1407 2478 magis
1452 2393 1521 2456 id
1563 2393 1899 2479 perspiciO,
1951 2398 2253 2479 extatque

218 2486 318 2569 id,
379 2482 554 2567 quod
611 2481 775 2544 1111111
835 2480 1201 2545 ostenderas
1256 2481 1640 2564 quibusdam
1693 2482 1954 2569 litteriS,
2011 2483 2137 2547 hoc
2187 2488 2254 2547 te

220 2572 679 2637 studiosiorem
733 2569 803 2632 in
860 2590 964 2632 me
1019 2568 1284 2632 colendo
1340 2569 1509 2653 fore,
1564 2592 1756 2653 quam
1800 2571 1871 2635 in
1923 2572 2255 2654 provincia

137 2674 192 2714 2⁵
221 2661 456 2725 fuisses
504 2656 655 2745 (etsi
701 2678 845 2721 meo
891 2656 1130 2721 iudicio
1173 2655 1342 2721 1111111
1386 2657 1468 2722 ad
1502 2661 1687 2722 tuum
1731 2659 2123 2742 provinciale
2162 2659 2255 2722 of-

219 2750 444 2813 ficium
491 2746 641 2809 addi
684 2742 952 2832 potest),
1007 2767 1135 2829 quo
1180 2744 1448 2809 liberius
1500 2746 1811 2810 iudicium
1856 2768 1991 2810 esse
2036 2751 2253 2831 posset

220 2842 427 2901 tuum.
517 2832 744 2918 Itaque
789 2854 892 2897 me
938 2836 1003 2897 et
1039 2834 1399 2918 superiores
1435 2833 1687 2898 litterae
1724 2839 1872 2898 tuae
1908 2834 2251 2897 admodum

223 2925 729 3006 delectaverunt,
777 2921 1011 3006 quibus
1055 2926 1121 2985 et
1165 2924 1602 3005 exspectatum
1647 2944 1862 2987 meum
1906 2921 2252 2985 adventum

225 3013 342 3077 abs
387 3016 453 3076 te
501 3014 790 3075 amanter
833 3009 1129 3074 videbam
1175 3013 1264 3094 et,
1327 3030 1471 3073 cum
1526 3011 1715 3074 aliter
1758 3032 1860 3074 res
1904 3009 2251 3096 cecidisset,

145 3114 200 3153 ³⁰
226 3122 302 3165 ac
344 3104 654 3184 putasses,
699 3103 764 3162 te
808 3118 952 3161 meo
999 3098 1267 3162 consilio
1312 3119 1701 3184 magnopere
1746 3120 1881 3162 esse
1925 3098 2251 3183 laetatum,

226 3193 291 3252 et
347 3211 428 3253 ex
481 3187 584 3250 1118
638 3186 950 3270 proximis
1002 3186 1239 3250 litteris
1296 3207 1605 3272 mag-num
1659 3187 1797 3269 cepi
1850 3187 2131 3250 fructum
2186 3190 2252 3250 et

227 3276 449 3341 iudicii
495 3278 560 3339 et
607 3274 805 3339 officii
839 3274 956 3359 tui,
1001 3274 1239 3359 iudicii,
1288 3275 1462 3358 quod
1496 3274 1801 3360 intellego
1847 3278 1930 3360 te,
1975 3275 2044 3338 id
2079 3275 2254 3358 quod

228 3386 450 3429 omnes
495 3364 696 3427 fortes
741 3384 814 3427 ac
859 3362 1016 3427 boni
1058 3363 1184 3426 viri
1238 3364 1445 3426 facere
1502 3362 1759 3446 debent,
1816 3363 1983 3427 nihil
2024 3367 2251 3447 putare

226 3454 386 3517 utile
433 3473 594 3536 esse,
649 3451 775 3515 nisi
832 3451 1004 3535 quod
1057 3454 1304 3516 rectum
1347 3451 1815 3534 honestumque
1868 3452 1978 3538 sit,
2035 3452 2251 3528 officii,

1818 3557 1887 3609 9*
