2567 3884
335 154 468 220 300
1089 157 1604 211 EPISTULARUM

329 321 480 361 nam
545 300 754 364 omnis
817 322 897 364 ex
958 300 1206 383 proelio
1269 301 1523 386 integer
1578 301 1867 364 discessit
1921 302 2039 386 ita,
2103 306 2176 366 ut
2231 303 2367 366 sint

331 387 607 469 amplius
667 388 959 472 equitum
1020 389 1202 452 milia
1267 389 1566 472 quinque.
1666 388 1772 452 Ad
1833 411 1936 453 me
2002 391 2367 474 complures

329 475 572 539 milites
617 479 680 538 et
727 477 974 576 equites
1020 477 1101 540 ab
1149 498 1224 540 eo
1271 478 1695 561 transierunt,
1742 480 1805 540 et
1850 478 1919 540 in
1966 477 2099 542 dies
2146 479 2367 564 singu-

260 580 292 627 2
329 563 430 627 los
484 563 621 627 eius
675 565 894 647 copiae
954 565 1351 628 minuuntur.
1445 564 1701 629 Silanus
1756 568 1820 628 613
1867 565 2091 631 Culleo
2145 567 2227 630 ab
2286 590 2365 631 6ο

332 652 773 716 discesserunt.
862 651 1032 736 Nos,
1093 653 1214 716 etsi
1267 653 1554 738 graviter
1608 653 1688 716 ab
1742 653 1823 716 iis
1878 653 2034 718 laesi
2090 677 2364 740 eramuS,
2424 674 2450 714 5

332 740 507 823 quod
551 744 774 804 contra
826 743 1114 804 nostram
1159 740 1559 804 voluntatem
1606 741 1688 804 ad
1732 739 2091 806 Antonium
2136 743 2365 828 ierant,

329 832 546 892 tamen
598 832 856 892 nostrae
914 829 1338 892 humanitatis
1385 833 1449 892 et
1493 828 1981 894 necessitudinis
2027 851 2215 894 causa
2261 852 2366 895 eo-

331 938 475 980 rum
513 917 738 980 salutis
775 917 1090 980 rationem
1126 916 1473 981 habuimus
1509 939 1627 981 nec
1662 920 1879 980 tamen
1908 939 2129 982 eorum
2168 941 2367 1002 opera

330 1005 576 1068 utimur
629 1027 836 1089 neque
889 1005 960 1068 in
1015 1006 1240 1068 castris
1295 1005 1607 1069 habemus
1660 1027 1867 1089 neque
1923 1006 2041 1070 ulli
2095 1008 2365 1092 negotio

328 1094 767 1175 praefecimus.
842 1092 1030 1168 Quod
1066 1092 1147 1156 ad
1181 1093 1426 1156 bellum
1470 1093 1596 1157 hoc
1641 1094 1903 1178 attinet,
1949 1116 2065 1158 nec
2112 1097 2366 1159 senatui
2397 1116 2452 1156 ιο

330 1202 448 1244 nec
493 1181 586 1245 rei
630 1204 690 1264 p.
740 1181 1036 1245 derimus
1128 1180 1304 1256 Quae
1357 1185 1583 1264 postea
1628 1182 1974 1268 egerimus,
2019 1183 2251 1247 faciam
2298 1187 2366 1247 te

333 1269 690 1333 certiorem.

1163 1425 1456 1492 XXXIV
1474 1450 1528 1492 a.

752 1546 865 1601 Ser.
906 1547 1102 1602 ibidem
1141 1547 1244 1600 XI
1273 1547 1348 1603 K.
1385 1547 1517 1603 Iwn.
1556 1565 1606 1602 a.
1648 1551 1753 1602 711
1796 1552 1933 1617 (43).

951 1670 1159 1724 LEPI
1157 1671 1209 1723 D
1221 1671 1276 1725 U
1270 1670 1316 1725 S
1350 1669 1750 1725 CICERONI.
2395 1695 2449 1735 15

261 1815 293 1863 3
465 1795 610 1859 Etsi
676 1795 852 1860 omni
923 1799 1213 1879 tempore
1277 1817 1529 1859 summa
1590 1797 1803 1860 studia
1867 1795 2064 1860 officii
2130 1800 2365 1860 mutuo

332 1883 502 1947 inter
558 1905 676 1948 nos
731 1884 1026 1948 certatim
1085 1884 1512 1947 constiterunt
1567 1906 1687 1966 pro
1741 1888 1963 1948 nostra
2016 1885 2186 1948 inter
2240 1907 2366 1949 nos

331 1972 768 2036 familiaritate
823 1976 888 2035 et
944 1971 1214 2054 proinde
1263 1972 1606 2057 diligenter
1660 1973 1741 2036 ab
1787 1977 2062 2056 utroque
2110 1994 2366 2036 conser-

331 2064 480 2124 vata
516 2064 686 2145 sunt,-
728 2064 944 2124 tamen
980 2081 1111 2123 non
1149 2060 1396 2144 dubito,
1442 2060 1510 2122 in
1537 2064 1719 2124 tanto
1758 2065 1823 2125 et
1858 2064 1991 2124 tam
2020 2062 2363 2143 repentino

330 2151 513 2212 motu
559 2148 652 2212 rei
696 2171 757 2231 p.
806 2149 963 2231 quin
1007 2169 1139 2211 non
1183 2148 1364 2211 nulla
1410 2147 1486 2211 (16
1531 2171 1634 2211 1116
1680 2149 1858 2212 falsis
1903 2148 2273 2213 rumoribus
2325 2172 2365 2211 a
2390 2169 2447 2208 20

330 2236 490 2299 meis
528 2236 1068 2319 optrectatoribus
1104 2258 1206 2302 me
1242 2236 1511 2321 indigna
1538 2236 1620 2299 ad
1653 2239 1717 2299 te
1756 2236 1965 2300 delata
2001 2237 2147 2320 sint,
2194 2258 2364 2320 quae

328 2328 513 2388 tuum
560 2325 846 2387 animum
890 2345 1278 2409 magnopere
1324 2328 1656 2388 moverent
1700 2347 1818 2407 pro
1865 2328 1980 2388 tuo
2026 2346 2242 2388 amore
2290 2325 2366 2388 in

329 2433 466 2474 rem
509 2435 569 2495 p.
661 2411 759 2474 Ea
812 2416 876 2475 te
931 2412 1258 2476 moderate
1314 2412 1628 2495 accepisse
1683 2434 1889 2496 neque
1944 2415 2182 2476 temere
2230 2433 2366 2476 cre-

330 2499 608 2563 dendum
662 2500 974 2564 iudicasse
1029 2522 1067 2564 a
1120 2500 1281 2563 meis
1338 2501 1866 2584 procuratoribus
1926 2501 2159 2564 certior
2214 2521 2367 2564 sum

327 2589 550 2651 factus.
627 2587 801 2664 Quae
837 2588 1018 2670 mihi,
1065 2592 1138 2651 ut
1167 2588 1421 2672 debent,
1466 2589 1833 2674 gratissima
1870 2592 2044 2673 sunt3
2088 2589 2365 2652 memini
2395 2605 2448 2646 25

328 2677 501 2740 enim
536 2680 600 2740 613
645 2677 758 2740 1116
803 2678 1150 2760 superiora,
1198 2698 1360 2759 quae
1398 2699 1511 2759 aps
1546 2679 1659 2739 tua
1694 2678 2025 2740 voluntate
2068 2677 2369 2759 profecta

329 2768 479 2828 sunt
515 2765 597 2827 ad
632 2787 840 2828 meam
881 2765 1263 2850 dignitatem
1302 2764 1659 2850 augendam
1688 2768 1752 2828 et
1781 2765 2147 2847 ornandam,
2194 2787 2367 2848 quae

254 2871 290 2918 4
325 2857 638 2936 perpetuo
684 2854 899 2916 animo
954 2874 1098 2916 meo
1145 2854 1274 2916 fixa
1329 2852 1695 2916 manebunt.
1787 2851 1926 2917 Abs
1971 2857 2063 2937 te,
2115 2852 2209 2915 mi
2260 2852 2368 2916 Gi-

328 2963 492 3025 6610,
538 2963 774 3027 magno
813 2961 1003 3024 opere
1040 2944 1210 3024 pet0,
1259 2940 1314 3010 si
1351 2941 1398 3023 †
1425 2962 1633 3004 meam
1670 2941 1889 3025 vitam,
1936 2940 2221 3004 studium
2271 2940 2368 3003 di-

325 3029 750 3114 ligentissime
805 3028 1245 3112 superioribus
1298 3028 1700 3111 temporibus
1754 3029 1823 3092 in
1869 3051 1937 3093 re
1981 3051 2041 3113 p.
2089 3028 2369 3091 admini-
2400 3048 2452 3087 so
2542 3105 2544 3108 Α

327 3117 612 3202 stranda,
669 3139 832 3202 quae
876 3116 1121 3200 Lepido
1170 3116 1367 3202 digna
1412 3120 1592 3200 sunt,
1636 3121 1970 3200 perspecta
2012 3116 2239 3200 habeS,
2286 3121 2369 3179 ut
2542 3113 2544 3118 ’

325 3205 508 3288 paria
566 3209 677 3269 au‘t
737 3228 812 3269 eo
874 3205 1188 3288 ampliora
1247 3205 1497 3288 reliquo
1558 3207 1848 3288 tempore
1908 3208 2235 3288 exspectes
2298 3209 2371 3268 et

325 3293 595 3376 proinde
658 3297 772 3358 tua
835 3294 1218 3357 auctoritate
1276 3315 1381 3356 me
1440 3293 1751 3356 tuendum
1812 3293 2165 3375 existimcS,
2230 3315 2369 3376 quo

327 3380 452 3443 tibi
514 3381 702 3463 plura
764 3386 878 3445 tuo
938 3381 1171 3445 merito
1238 3380 1457 3444 debeo.
1549 3379 1726 3445 Vale.
1827 3381 1905 3446 D.
1953 3399 2028 3445 XI
2074 3379 2153 3444 Κ.
2216 3379 2367 3444 Iun.

331 3488 409 3529 ex
458 3470 680 3532 castris
728 3491 807 3532 ex
855 3469 1062 3533 Ponte
1108 3467 1455 3553 ArgenteO.
