2567 3884
24 349 30 406 ,ἶ

924 183 1142 237 LIBER
1177 184 1307 237 XIII
1346 190 1500 239 7—9.
2111 184 2241 249 375

211 328 289 390 de
343 349 413 391 re
470 326 536 392 C.
581 325 808 390 Albini
854 327 1195 412 senatoris,
1251 328 1433 392 cuius
1479 347 1559 392 ex
1612 329 1748 392 filia
1792 332 1981 393 natus
2027 333 2125 393 est
2168 328 2240 392 L.

213 415 483 499 Sestius,
545 415 826 498 optimus
882 416 1277 500 adulescens,
1336 416 1511 480 filius
1564 415 1635 480 P.
1685 415 1868 481 Sesti.
1959 416 2104 481 Hoc
2150 417 2243 480 id-

212 504 382 568 circo
447 503 703 587 scripsi,
766 507 840 566 ut
905 504 1314 589 intellegeres
1377 526 1509 568 11011
1572 505 1782 569 solum
1840 528 1943 569 me
1996 527 2115 589 pro
2168 504 2279 568 P.-

214 590 423 656 Sestio
467 592 761 655 laborare
799 591 1045 677 debere,
1093 592 1204 655 sed
1241 591 1524 657 Sestium
1560 593 1755 657 etiam
1799 615 1917 677 pro
1954 593 2240 657 Albinio.

157 699 184 738 5
209 679 339 744 Res
385 685 601 744 autem
647 683 744 742 est
795 680 979 744 haec:
1036 678 1100 743 A
1143 679 1229 743 M.
1275 679 1553 745 Laberio
1602 680 1668 745 G.
1714 681 2018 745 Albinius
2062 703 2242 765 prae·
2280 697 2311 744 2

211 768 316 831 dia
371 769 441 832 in
496 767 1006 832 aestimationem
1061 769 1307 852 accepit
1319 820 1337 853 ,
1404 791 1565 852 quae
1618 770 1878 852 praedia
1930 769 2243 833 Laberius

210 859 454 922 emerat
489 879 528 919 a
565 854 830 920 Caesare
877 857 954 919 de
1000 856 1190 920 bonis
1233 855 1566 921 Plotianis.
1640 857 1738 921 Ea
1776 858 1829 920 si
1867 857 2075 922 dicam
2110 879 2242 921 11011

211 965 348 1008 esse
395 966 428 1008 e
473 966 544 1008 re
588 967 648 1027 p.
689 944 906 1028 dividi,
955 944 1180 1008 docere
1225 948 1291 1008 te
1338 945 1573 1029 videar,
1617 967 1751 1009 non
1795 967 2041 1031 rogare.
2117 944 2244 1009 Sed

211 1037 460 1116 tamen,
519 1053 666 1095 cum
722 1030 954 1096 Caesar
1013 1031 1309 1096 Sullanas
1366 1033 1768 1098 venditiones
1827 1038 1893 1097 et
1950 1033 2243 1119 adsigna-

24 1153 30 1190 f
119 1141 182 1179 10
210 1120 422 1185 tiones
467 1123 638 1183 ratas
675 1141 811 1183 esse
846 1117 1022 1204 velit,
1069 1142 1197 1205 quo
1233 1121 1553 1185 firmiores
1590 1122 2039 1185 existimemur
2073 1143 2241 1206 suae,

213 1209 270 1271 si
325 1230 399 1271 ea
449 1208 712 1291 praedia
767 1207 1162 1292 dividentur,
1228 1231 1390 1292 quae
1454 1209 1591 1293 ipse
1647 1207 1877 1274 Caesar
1934 1209 2241 1294 vendidit,

214 1317 377 1379 quae
420 1294 680 1359 tandem
725 1295 794 1358 in
840 1296 977 1359 eius
1022 1297 1503 1361 venditionibus
1550 1319 1684 1362 esse
1741 1297 1985 1381 poterit
2028 1301 2244 1361 aucto-

211 1383 415 1447 ritas?
476 1382 617 1466 Sed,
661 1383 788 1447 hoc
832 1384 1020 1468 quale
1067 1385 1168 1470 sit,
1213 1389 1286 1448 tu
1331 1408 1451 1468 pro
1498 1389 1611 1449 tua
1653 1385 1997 1469 prudentia
2041 1386 2244 1449 consi-

214 1471 483 1535 derabis.
574 1471 719 1557 Ego
763 1475 829 1535 te
873 1472 1064 1555 plane
1107 1495 1269 1558 rogo
1317 1478 1509 1558 atque
1553 1473 1663 1558 ita,
1707 1478 1783 1537 ut
1825 1473 2069 1537 maiore
2115 1477 2244 1537 stu-
2281 1491 2313 1537 3

121 1578 185 1620 15
215 1559 354 1644 dio,
414 1559 682 1623 iustiore
738 1558 814 1622 de
868 1581 1086 1645 causa,
1145 1562 1353 1646 magis
1408 1583 1489 1625 ex
1543 1561 1757 1624 animo
1804 1583 2033 1648 rogare
2079 1561 2245 1625 nihil

211 1647 473 1732 possim,
519 1651 592 1710 ut
628 1646 898 1711 Albinio
943 1669 1184 1733 parcas,
1228 1649 1492 1732 praedia
1534 1648 1893 1713 Laberiana
1936 1671 2017 1714 ne
2054 1651 2246 1714 attin-

212 1757 344 1821 gaS.
418 1735 656 1820 Magna
700 1758 802 1800 me
849 1736 1158 1800 adfeceris
1192 1760 1326 1800 non
1361 1737 1554 1800 modo
1591 1738 1855 1821 laetitia,
1901 1739 2014 1802 sed
2050 1739 2245 1802 etiam

213 1824 493 1908 quodam
555 1823 750 1888 modo
813 1825 1050 1909 gloria,
1116 1824 1172 1888 si
1229 1824 1300 1889 P.
1358 1823 1605 1888 Sestius
1660 1825 1912 1889 1101111111
1966 1826 2245 1889 maxime

210 1912 569 1976 necessario
618 1912 780 1976 satis
836 1913 1060 1976 fecerit
1112 1935 1229 1996 per
1272 1935 1403 1997 me,
1457 1916 1531 1975 ut
1578 1934 1699 1999 ego
1745 1913 1845 1976 illi
1888 1913 2003 1976 uni
2047 1913 2246 1997 pluri-

113 2021 192 2079 201
211 2023 392 2064 11111111
428 2000 647 2064 debeo.
740 1999 928 2076 Quod
971 2004 1046 2064 ut
1091 2001 1319 2085 facias,
1363 2004 1429 2064 te
1465 2001 1877 2065 vehementer
1922 2001 2118 2064 etiam
2155 2005 2246 2064 at-

213 2110 337 2171 que
382 2088 579 2152 etiam
625 2109 802 2173 rog0.
893 2087 1104 2152 Maius
1149 2089 1315 2152 mihi
1361 2089 1510 2152 dare
1564 2089 1949 2152 beneficium
1993 2089 2246 2152 nullum

211 2179 429 2261 potes3
475 2177 544 2239 id
587 2175 751 2239 mihi
798 2176 1134 2262 intelleges
1183 2199 1318 2242 esse
1363 2177 1821 2262 gratissimum.

1174 2404 1285 2470 IX.

291 2523 426 2590 Ser„
462 2531 526 2578 ut
559 2527 791 2593 videtur,
835 2526 1000 2580 Tarsi
1032 2527 1116 2582 vel
1152 2543 1235 2580 ex.
1264 2544 1318 2581 a.
1359 2530 1468 2581 703
1500 2530 1619 2596 (51)
1656 2528 1741 2582 vel
1775 2528 1854 2582 in.
1896 2529 2005 2582 704
2036 2529 2175 2596 (50).

111 2668 182 2710 25
821 2647 1079 2702 CICERO
1119 2645 1539 2702 CRASSIPEDI
1582 2648 1636 2704 S.

351 2787 752 2873 Quamquam
816 2791 940 2854 tibi
1009 2812 1313 2875 praesens
1377 2793 1819 2857 commendavi
1835 2844 1852 2878 ,
1926 2795 2000 2856 ut
2061 2793 2250 2876 potui
2291 2810 2317 2856 1

216 2876 736 2963 diligentissime,
797 2879 1005 2942 socios
1059 2879 1406 2963 Bithyniae
1460 2884 1652 2965 teque
1699 2903 1846 2944 011111
1891 2901 2035 2944 mea
2081 2901 2249 2944 00111-

213 2965 624 3030 mendatione
678 2970 818 3030 tum
873 2967 1070 3031 etiam
1123 2970 1236 3031 tua
1292 2971 1519 3052 sponte
1575 2968 1866 3033 intellexi
1912 2990 2143 3052 cupere
2189 2969 2251 3033 ei

214 3053 527 3137 societati,
573 3055 1082 3138 quibuscumque
1128 3056 1323 3119 rebus
1366 3077 1587 3139 posses
1595 3108 1613 3141 ,
1669 3057 2102 3142 commodare,
2157 3060 2251 3120 ta-

105 3163 180 3204 so
212 3163 381 3225 men,
428 3163 575 3205 cum
620 3143 694 3227 ii,
751 3164 1028 3226 quorum
1071 3165 1176 3206 res
1222 3145 1469 3228 agitur,
1514 3145 1736 3230 magni
1782 3166 1896 3208 sua
1941 3145 2249 3210 interesse

212 3229 686 3294 arbitrarentur
729 3253 831 3295 me
871 3232 1067 3295 etiam
1110 3253 1228 3315 per
1271 3233 1523 3295 litteras
1570 3232 1889 3297 declarare
1934 3233 2077 3317 tibi,
2124 3256 2252 3318 qua

211 3338 419 3381 essem
475 3340 628 3404 erga
682 3319 858 3402 ipsos
912 3319 1272 3404 voluntate,
1329 3341 1460 3384 non
1510 3319 1801 3384 dubitavi
1854 3321 2013 3384 haee
2059 3321 2139 3384 ad
2185 3326 2250 3385 te

207 3405 507 3470 scribere.
599 3405 770 3471 Volo
827 3407 1000 3472 enim
1053 3412 1118 3472 te
1165 3408 1533 3472 existimare
1580 3430 1683 3472 me
1693 3415 1715 3492 ,'
1758 3429 1904 3471 cum
1950 3409 2249 3474 universo
2288 3426 2320 3473 2

208 3494 425 3559 ordini
469 3495 965 3579 publicanorum
1013 3517 1264 3580 semper
1308 3495 1735 3560 libentissime
1771 3494 2113 3561 tribuerim
2160 3497 2253 3560 id-
