2567 3884
867 786 1086 841 LIBER
1124 786 1442 852 QUINTUS

319 910 462 976 AD
510 910 581 988 Q.
627 911 1242 1011 METELLUM
1296 913 1428 978 ΕΤ
1476 912 1993 979 CETEROS.

1135 1087 1184 1153 I.

583 1208 696 1264 Ser.
737 1210 802 1263 in
842 1209 1034 1264 Gallia
1068 1227 1138 1264 m.
1176 1210 1306 1265 Ian.
1345 1229 1397 1266 a.
1438 1213 1730 1278 692*(62).

74 1351 103 1392 5
205 1329 270 1396 Q.
309 1329 694 1385 METELLUS
732 1331 794 1397 Q.
832 1331 894 1388 F.
933 1331 1494 1456 ΟΙέῗΟῙΞἸΒὴξΕῙΟΟΟΒ.
1536 1332 1586 1386 S.
1627 1332 1693 1388 D.
1732 1332 1807 1387 M.
1847 1330 2108 1386 TULLIO

278 1525 350 1590 Si
402 1527 607 1611 vales,
671 1526 912 1591 benest.
1003 1527 1463 1591 Existimaram
1525 1548 1644 1612 pro
1708 1530 1935 1592 mutuo
2000 1526 2172 1591 inter
2211 1545 2239 1593 1

134 1635 262 1678 nos
309 1615 524 1678 animo
572 1618 638 1678 et
682 1636 801 1700 pro
847 1616 1259 1679 reconciliata
1304 1615 1516 1701 gratia
1549 1636 1667 1679 nee
1703 1615 2033 1679 absentem
2076 1636 2174 1680 me

137 1724 187 1767 a
233 1707 289 1767 te
330 1703 616 1766 ludibrio
661 1703 906 1767 laesum
950 1704 1033 1767 iri
1077 1726 1196 1768 nee
1229 1703 1565 1767 Metellum
1611 1704 1877 1767 fratrem
1923 1703 2006 1767 ob
2046 1702 2173 1766 die-

48 1811 104 1849 10
133 1795 284 1854 tum
330 1791 537 1875 eapite
584 1811 657 1854 ae
701 1791 979 1856 fortunis
1023 1813 1140 1876 per
1182 1795 1248 1856 te
1297 1794 1737 1877 oppugnatum
1783 1791 1882 1854 iri.
1966 1788 2171 1866 Quem

133 1878 196 1942 si
231 1901 461 1962 parum
495 1878 706 1963 pudor
740 1879 942 1963 ipsius
989 1879 1386 1962 defendebat,
1433 1878 1707 1943 debebat
1741 1879 1845 1942 vel
1888 1878 2173 1942 familiae

132 1970 400 2030 nostrae
445 1967 726 2053 dignitas
779 1967 884 2031 vel
935 1989 1151 2031 meum
1207 1968 1494 2031 studium
1550 1988 1703 2052 erga
1746 1987 1861 2030 vos
1907 1987 2170 2050 remque
2244 2026 2248 2031 .
2344 1983 2347 1988 “

132 2054 467 2138 publicam
521 2055 676 2119 satis
729 2054 1079 2119 sublevare.
1169 2054 1363 2120 Nune
1414 2054 1602 2119 video
1660 2054 1847 2118 illum
1905 2054 2171 2117 eircum-

131 2146 432 2226 ventum,
485 2165 589 2206 me
644 2142 994 2227 desertum,
1049 2165 1088 2205 a
1132 2143 1368 2227 quibus
1420 2143 1687 2207 minime
1733 2142 2169 2206 conveniebat.

50 2247 105 2286 15
133 2228 368 2313 Itaque
413 2230 482 2293 in
526 2231 706 2294 luctu
753 2234 818 2294 et
863 2231 1160 2314 squalore
1213 2253 1386 2315 sum,
1441 2230 1554 2314 qui
1605 2231 2001 2315 provinciae,
2056 2230 2170 2315 qui
2206 2249 2239 2296 2

137 2318 454 2381 exercitui
505 2339 830 2402 praesum,
892 2319 1004 2402 qui
1057 2318 1301 2382 bellum
1355 2340 1528 2404 gero.
1630 2317 1805 2395 Quae
1865 2319 2169 2402 quoniam

133 2426 258 2469 nee
304 2407 551 2470 ratione
587 2427 714 2470 ‘nee
757 2406 1076 2471 maiorum
1111 2410 1485 2470 nostrorum
1520 2406 1859 2470 elementia
1902 2406 2171 2470 admini-

135 2494 410 2578 strasti8‚
455 2515 587 2558 non
633 2495 758 2558 erit
791 2494 1175 2578 mirandum,
1221 2494 1275 2558 si
1313 2515 1428 2558 vos
1462 2493 1835 2579 paenitebit.
1908 2492 2000 2557 Te
2036 2498 2169 2557 tam

135 2581 371 2645 mobili
414 2581 485 2645 in
528 2604 632 2646 me
677 2603 982 2666 meosque
1029 2604 1164 2646 esse
1210 2582 1426 2646 animo
1472 2603 1605 2646 non
1650 2581 2003 2666 sperabam.
2062 2581 2169 2643 Me

55 2687 108 2726 20
137 2670 387 2733 interea
429 2691 549 2733 nee
592 2670 979 2735 domesticus
1026 2670 1213 2735 dolor
1247 2692 1366 2734 nee
1402 2671 1778 2756 cuiusquam
1814 2669 2050 2732 iniuria
2086 2669 2168 2732 ab

137 2779 210 2822 re
255 2780 316 2842 p.
364 2757 653 2822 abducet.

1113 2932 1195 2999 H.

293 3052 406 3108 Ser.
445 3053 653 3108 Romae
687 3055 772 3108 vel
803 3071 889 3108 ex.
927 3071 997 3108 m.
1034 3054 1165 3108 Ian.
1202 3056 1286 3108 vel
1322 3055 1399 3108 in.
1442 3053 1602 3108 Febr.
1642 3071 1694 3107 a.
1736 3055 1847 3107 692
1885 3055 2025 3120 (62).

209 3175 286 3230 M.
325 3175 628 3230 TULLIUS
664 3176 738 3232 M.
768 3175 830 3232 F.
871 3175 1127 3230 CICERO
1168 3174 1230 3240 Q.
1268 3174 1609 3229 METELLO
1649 3174 1711 3240 Q.
1739 3173 1800 3229 F.
1840 3173 2099 3228 CELERI

57 3264 112 3304 25
913 3245 1212 3301 PROCOS.
1251 3246 1304 3300 S.
1341 3246 1409 3300 D.

275 3369 346 3434 Si
390 3374 464 3434 tu
511 3372 952 3455 exercitusque
997 3371 1244 3456 valetis,
1290 3371 1531 3435 benest.
1631 3369 1874 3435 Scribis
1929 3370 2011 3434 ad
2062 3391 2167 3434 me
2208 3388 2236 3436 1

141 3459 228 3523 ‘te
275 3459 673 3524 existimasse
716 3481 836 3545 pro
881 3463 1109 3525 mutuo
1156 3460 1328 3523 inter
1370 3481 1489 3524 nos
1535 3459 1750 3524 animo
1798 3463 1862 3524 et
1905 3480 2025 3544 pro
2072 3481 2167 3522 re-

2115 3630 2184 3843 ί,
