2567 3884
848 148 1067 201 LIBER
1100 148 1181 202 111
1223 153 1306 204 10.
2009 148 2087 209 ‘fl

63 292 369 356 dubitare
413 313 544 355 non
587 313 869 375 possum,
917 290 1074 374 quin
1118 291 1242 354 tibi
1292 292 1649 375 amplitudo
1694 291 1820 355 ista
1864 290 2095 355 sollici-

60 381 230 445 tudo
275 381 495 444 futura
539 380 650 464 sit3
706 380 761 443 si
805 400 958 443 vero
1016 380 1216 443 efficis
1228 430 1246 464 ,
1308 383 1382 443 ut
1437 401 1728 444 censores
1784 382 2095 463 creentur,

64 473 133 533 et
182 469 239 532 si
283 468 377 531 ita
418 468 691 554 gesseris
738 489 1095 551 censuram,
1141 470 1214 530 ut
1260 470 1326 531 et
1372 467 1564 531 debes
1611 470 1675 533 et
1717 470 1920 552 poteS,
1965 489 2095 531 non

63 558 197 620 tibi
234 557 459 640 solum,
497 556 608 619 sed
632 555 764 620 tuis
793 556 1091 619 omnibus
1117 555 1306 619 video
1334 555 1404 618 in
1433 559 1816 640 perpetuum
1844 578 2091 619 summo

4 662 33 703 5
64 649 135 709 te
179 644 499 729 praesidio
545 645 851 708 futurum.
939 642 1112 707 Illud
1154 665 1375 730 pugna
1418 648 1482 707 et
1519 645 1777 728 enitere,
1821 665 1903 707 ne
1941 643 2095 727 quid

66 733 265 797 nobis
300 732 610 816 temporis
654 735 1057 817 prorogetur,
1104 735 1194 816 ut,
1241 752 1388 796 cum
1430 731 1540 795 hic
1583 732 1706 796 tibi
1745 732 1900 795 satis
1937 732 2095 795 fece*

65 821 300 905 rimus,
360 820 509 884 istic
564 842 818 904 quoque
872 823 1161 883 nostram
1205 819 1276 884 in
1319 824 1385 885 te
1430 820 1945 884 benevolentiam
1989 842 2095 883 na*

64 931 222 973 vare
266 909 601 992 possimus

207 995 381 1072 Quae
428 997 505 1059 de
548 995 885 1060 hominum
932 998 1123 1079 atque
1171 996 1471 1060 ordinum
1518 996 1806 1060 omnium
1844 1018 1997 1081 erga
2031 999 2095 1059 te
2135 1011 2167 1055 4

0 1104 36 1144 ,ο
68 1084 306 1149 studiis
343 1084 571 1148 scribis
606 1084 689 1147 ad
720 1105 843 1168 me,
882 1084 1147 1147 minime
1182 1084 1346 1148 mihi
1391 1083 1683 1147 miranda
1719 1087 1784 1149 et
1818 1084 2095 1148 maxime

66 1173 349 1238 iucunda
403 1172 793 1257 acciderunt,
850 1172 1195 1255 eademque
1249 1172 1333 1236 ad
1382 1194 1486 1236 me
1539 1172 1895 1256 perscripta
1948 1175 2095 1235 suut

66 1285 107 1325 a
144 1260 571 1325 familiaribus
607 1260 783 1323 meis.
854 1257 1080 1344 Itaque
1118 1260 1300 1344 capio
1335 1282 1637 1346 mag-nam
1680 1261 2095 1344 voluptatem,

68 1371 219 1413 cum
264 1349 415 1433 tibi,
472 1349 650 1412 cuius
703 1348 866 1411 mihi
921 1348 1204 1412 amicitia
1255 1370 1388 1412 non
1441 1348 1651 1412 solum
1696 1350 1932 1433 ampla,
1987 1351 2096 1411 sed

67 1438 268 1501 etiam
305 1437 582 1501 iucunda
617 1439 731 1520 est,
778 1458 852 1499 ea
886 1436 1107 1520 tribui,
1154 1458 1316 1520 quae
1354 1436 1722 1522 debeantur,
1766 1441 1908 1501 tum
1943 1458 2095 1501 vero

0 1543 37 1583 ‚5
70 1546 400 1590 remanere
456 1525 650 1588 etiam
703 1545 873 1588 nunc
928 1524 997 1588 in
1053 1525 1312 1588 civitate
1366 1528 1586 1588 nostra
1641 1525 1853 1588 studia
1895 1546 2095 1609 prope-

69 1613 363 1678 omnium
409 1634 718 1676 consensu
763 1634 916 1698 erga
959 1612 1148 1676 fortis
1191 1616 1257 1676 et
1303 1612 1654 1677 industrios
1697 1612 1889 1697 viroS,
1936 1634 2095 1696 quae
2151 1687 2159 1699 ὑ

66 1702 237 1765 mihi
290 1700 417 1784 ipsi
469 1723 596 1764 una
651 1721 901 1785 semper
952 1700 1199 1764 tributa
1250 1722 1494 1764 merces
1540 1704 1637 1765 est
1690 1701 1988 1765 laborum
2035 1703 2096 1763 et

70 1789 447 1875 vigiliarum
490 1810 793 1852 mearum.

204 1875 378 1941 Illud
420 1898 573 1941 vero
626 1877 789 1940 mihi
841 1876 1195 1959 permirum
1240 1876 1498 1961 accidit,
1551 1879 1799 1940 tantam
1843 1875 2095 1939 temeri=
2135 1888 2163 1935 5

0 1986 38 2024 ιο
70 1969 275 2029 tatem
319 1965 516 2029 fuisse
560 1964 629 2028 111
674 1986 749 2027 eo
796 1965 1213 2049 adulescente,
1261 1964 1441 2028 cuius
1478 1986 1599 2050 ego
1637 1964 1908 2028 salutem
1945 1964 2095 2027 duo—

70 2055 197 2117 bus
243 2054 470 2137 capitis
514 2052 767 2116 iudiciis
812 2074 1061 2115 summa
1096 2052 1504 2116 contentione
1544 2052 1813 2137 defendi,
1858 2055 1932 2116 ut
1967 2055 2095 2116 tuis

71 2141 431 2205 inimicitiis
469 2140 885 2223 suscipiendis
915 2140 1401 2205 oblivisceretur
1425 2162 1626 2225 prope
1656 2141 1944 2212 omnium
1971 2141 2095 2205 for-

71 2234 377 2293 tunarum
423 2250 497 2292 ac
539 2229 863 2292 rationum
909 2250 1184 2314 suarum,
1232 2229 1612 2313 praesertim
1657 2250 1802 2293 cum
1846 2232 1921 2292 tu
1967 2251 2095 2293 om-

72 2318 267 2381 nibus
319 2317 424 2381 vel
483 2316 874 2381 ornamentis
930 2317 1035 2381 vel
1090 2317 1426 2400 praesidiis
1485 2317 1896 2401 redundares,
1953 2319 2095 2399 {103ss

0 2424 44 2463 35
76 2409 151 2470 ut
187 2404 505 2469 levissime
546 2405 768 2489 dicam,
813 2405 1018 2468 multa
1064 2406 1332 2468 dessent.
1426 2403 1622 2468 Cuius
1677 2427 1886 2469 sermo
1943 2407 2095 2469 stul-

75 2498 183 2557 tus
229 2497 293 2556 et
343 2492 611 2577 puerilis
667 2496 803 2556 erat
861 2493 991 2556 iam
1036 2497 1183 2556 ante
1228 2493 1312 2556 ad
1353 2515 1456 2558 me
1503 2516 1540 2556 a
1583 2492 1669 2557 M.
1720 2491 1962 2577 Caelio,
2008 2494 2095 2555 fa-

72 2580 314 2645 miliari
348 2584 590 2665 nostro,
625 2580 1046 2666 perscriptus,
1094 2581 1169 2645 de
1207 2602 1336 2663 quo
1373 2581 1531 2645 item
1566 2603 1858 2645 sermone
1893 2581 2095 2644 multa

74 2669 315 2752 scripta
372 2673 521 2733 sunt
580 2668 695 2732 abs
752 2673 833 2732 te.
926 2668 1070 2754 Ego
1124 2672 1340 2732 autem
1396 2669 1585 2733 citius
1632 2690 1777 2733 cum
1823 2690 1925 2754 eo,
1985 2671 2095 2752 qui

73 2761 220 2822 tuas
245 2756 617 2821 inimicitias
645 2756 1040 2841 suscepisset,
1075 2760 1357 2821 veterem
1385 2758 1900 2821 coniunctionem
1938 2756 2095 2819 dire-

0 2865 43 2904 ιο
74 2846 335 2909 missem
372 2867 564 2929 quam
598 2866 833 2908 novam
869 2845 1335 2930 conciliassem3
1379 2867 1585 2929 neque
1623 2846 1793 2909 enim
1832 2846 1908 2908 de
1951 2866 2095 2907 meu

75 2956 231 3019 erga
273 2936 339 2997 te
384 2933 596 2997 studio
646 2933 939 2997 dubitare
987 2934 1202 3017 debes,
1247 2955 1454 3017 neque
1500 2934 1569 2997 id
1613 2937 1708 2997 est
1755 2933 2095 2997 obscurum

78 3022 376 3105 cuiquam
421 3021 489 3083 in
533 3022 866 3105 provincia
909 3042 1027 3085 nec
1069 3020 1313 3085 Romae
1358 3022 1499 3085 fuit.

211 3108 338 3174 Sed
372 3112 587 3173 tamen
624 3109 1024 3197 significatur
1058 3110 1128 3172 in
1163 3110 1292 3173 tuis
1328 3109 1563 3173 litteris
1600 3107 1878 3193 suspicio
1909 3130 2092 3192 quaa-
2135 3123 2163 3167 *3

77 3199 222 3262 dam
270 3202 333 3261 et
380 3197 698 3261 dubitatio
745 3201 872 3281 tua,
921 3198 997 3261 de
1036 3220 1161 3281 qua
1196 3197 1476 3261 alienum
1511 3201 1765 3281 tempus
1801 3200 1899 3260 est
1932 3196 2095 3260 mihi

0 3305 45 3345 15
74 3291 287 3350 tecum
334 3286 805 3370 expostulandi,
859 3286 1179 3371 purgandi
1224 3290 1439 3350 autem
1482 3286 1611 3349 mei
1653 3284 2091 3349 necessarium.

72 3374 206 3439 Ubi
252 3374 424 3438 enim
470 3396 590 3459 ego
638 3374 934 3457 cuiquam
968 3373 1279 3459 legationi
1314 3374 1410 3437 fui
1446 3374 1921 3460 impedimento,
1968 3396 2091 3458 quo

71 3464 286 3527 minus
322 3460 598 3526 Romam
636 3461 718 3526 ad
750 3462 1006 3527 laudem
1041 3466 1219 3526 tuam
1255 3462 1668 3527 mitteretur?
1715 3466 1826 3527 aut
1861 3463 1930 3527 in
1967 3486 2091 3547 quo

2074 3670 2084 3679 ἡ
2096 3623 2139 3668 1(
