2567 3884
306 1689 375 1738 26

398 193 485 257 28
1144 190 1660 245 EPISTULARUM

400 340 591 401 natus
646 336 939 401 consulto
984 334 1386 419 provinciam
1429 334 1724 419 haberet,
1783 334 1929 420 lege
1976 332 2288 400 Cornelia
2331 332 2444 399 im·

400 425 654 511 perium
696 424 1100 508 habiturum,
1156 423 1371 509 quoad
1421 422 1492 486 in
1545 422 1776 486 urbem
1833 421 2183 487 introisset.
2281 422 2443 509 Ege,

404 513 562 597 quid
606 512 688 577 ad
728 516 795 576 te
838 516 1101 576 tuorum
1147 511 1420 595 quisque
1469 510 1974 575 necessariorum
2019 511 2298 597 scribat,
2343 532 2445 574 ne-

403 602 564 686 sci03
608 600 817 665 varias
854 621 990 665 esse
1028 599 1364 683 opiniones
1399 598 1725 700 intellego,
1819 597 2000 684 Sunt,
2045 600 2162 683 qui
2207 602 2444 683 putant

403 711 593 775 posse
652 693 720 753 te
780 710 913 753 non
977 688 1277 753 decedere
1291 736 1310 773 ,
1376 688 1550 771 quod
1611 688 1750 751 sine
1806 686 1950 773 lege
2008 687 2266 751 curiata
2323 686 2443 751 tibi
2483 702 2500 741 ⁵

404 777 808 863 succedatur-3
862 780 1013 841 sunt
1058 775 1279 861 etiam,
1326 776 1465 861 qui,
1510 776 1566 839 si
1613 774 1904 860 decedas,
1962 797 2001 838 a
2043 779 2111 839 te
2156 775 2442 860 relinqui

404 888 619 951 posse,
680 866 791 949 qui
844 864 1213 949 provinciae
1256 865 1515 948 praesit.
1606 862 1772 927 Mihi
1815 884 1948 927 non
1991 866 2127 927 tam
2176 864 2260 928 de
2309 865 2441 928 iure

408 958 655 1019 certum
708 957 807 1017 est
860 950 1277 1038 (quamquam
1337 974 1418 1016 ne
1477 952 1547 1015 id
1605 951 1866 1035 quidem
1922 952 2108 1016 valde
2170 952 2441 1017 dubium

408 1040 535 1130 est)
583 1064 776 1126 quam
820 1040 1012 1125 illud,
1059 1042 1142 1105 ad
1185 1045 1366 1105 tuam
1411 1062 1728 1104 summam
1776 1038 2310 1125 amplitudinem,
2358 1041 2440 1103 di-

407 1132 749 1218 gnitatem,
794 1128 1187 1213 libertatem,
1234 1150 1362 1212 qua
1405 1132 1470 1193 te
1516 1128 1647 1193 scio
1690 1128 2116 1193 libentissime
2162 1130 2303 1193 frui
2349 1150 2440 1193 so-
2459 1143 2498 1181 1⁰

408 1220 558 1303 lere,
601 1217 923 1302 pertinere
968 1220 1033 1280 te
1078 1217 1215 1281 sine
1260 1216 1395 1280 ulla
1437 1238 1620 1281 mora
1652 1216 2050 1319 provinciam
2087 1215 2442 1281 successori

412 1306 781 1390 concedere,
835 1305 1214 1389 praesertim
1270 1326 1419 1369 cum
1471 1304 1609 1370 sine
1666 1305 2026 1390 suspicione
2069 1308 2222 1369 tuae
2271 1306 2440 1389 cupi-

412 1394 633 1459 ditatis
694 1415 826 1458 non
886 1393 1096 1479 possis
1166 1393 1344 1457 illius
1405 1393 1823 1477 cupiditatem
1885 1394 2184 1458 refutare.
2297 1393 2438 1480 Ego

410 1487 757 1565 utrumque
799 1503 1018 1545 meum
1051 1484 1211 1566 puto
1248 1502 1403 1566 esse,
1448 1485 1529 1568 et,
1577 1481 1734 1565 quid
1767 1482 2056 1568 sentiam,
2102 1482 2438 1548 ostendere

412 1575 495 1659 et,
543 1570 718 1654 quod
762 1569 1007 1655 feceris,
1054 1569 1407 1634 defendere.
2459 1580 2496 1621 1⁵

546 1657 801 1742 Scripta
851 1659 981 1722 iam
1036 1658 1311 1741 epistula
1367 1656 1696 1741 superiore
1741 1656 1954 1741 accepi
1997 1658 2143 1719 tuas
2187 1656 2437 1720 litteras

414 1749 491 1812 de
535 1746 924 1833 publicanis,
980 1748 1051 1810 in
1105 1745 1341 1828 quibus
1393 1744 1782 1828 aequitatem
1836 1747 2016 1808 tuam
2066 1765 2202 1807 non
2253 1743 2438 1845 potui

410 1858 543 1901 non
599 1835 901 1920 probare3
961 1833 1324 1918 †felicitate
1383 1855 1420 1896 a
1481 1833 1638 1916 quid
1691 1833 1921 1896 vellem
1979 1832 2286 1917 consequi
2331 1854 2438 1916 po-

410 1924 660 2010 tuisseS,
704 1944 786 1987 ne
832 1923 971 1988 eius
1016 1921 1277 2006 ordinis,
1323 1942 1514 2003 quem
1561 1942 1812 2004 semper
1848 1919 2107 2005 ornasti,
2153 1942 2293 1985 rem
2332 1923 2438 1984 aut

409 2014 811 2078 voluntatem
856 2011 1226 2075 offenderes
1315 2008 1636 2092 Equidem
1679 2030 1811 2073 non
1857 2009 2143 2073 desinam
2187 2011 2306 2073 tua
2343 2008 2436 2073 de-
2457 2022 2498 2063 ²⁰

413 2106 587 2166 creta
645 2100 1013 2183 defendere,
1080 2098 1191 2162 sed
1247 2097 1422 2161 nosti
1489 2097 2014 2162 consuetudinem
2073 2096 2435 2181 hominum3

412 2190 563 2341 Ξῗὲῗ
624 2209 817 2340 qffl
861 2185 1611 2359 ffiffrsffimfflcffissss
1655 2184 1774 2359 itti,
1801 2185 1895 2337 (ξι
1921 2148 2436 2358 8333?me

410 2364 645 2449 possis,
706 2384 854 2427 eum
906 2363 1031 2427 tibi
1088 2363 1380 2427 ordinem
1433 2366 1545 2426 aut
1591 2362 1962 2427 reconcilies
2007 2364 2119 2425 aut
2163 2362 2436 2449 mitiges.

410 2451 490 2517 Id
533 2451 655 2516 etsi
701 2450 964 2515 difficile
1018 2454 1141 2549 est,
1200 2454 1418 2515 tamen
1471 2450 1634 2515 mihi
1687 2451 1945 2515 videtur
1988 2471 2124 2515 esse
2169 2450 2438 2535 pruden-
2460 2463 2499 2503 ¹⁵

410 2542 541 2606 tiae
584 2544 752 2604 tuae.

1391 2696 1470 2763 X.

909 2814 1023 2873 Ser.
1054 2818 1263 2872 Romae
1299 2823 1526 2872 exeunte
1567 2834 1619 2872 a.
1660 2821 1772 2872 700
1802 2819 1941 2885 (54).

591 2943 667 2999 M.
708 2938 966 2994 CICERO
1004 2939 1059 2994 S.
1095 2940 1163 2995 D.
1201 2939 1263 2995 L.
1300 2938 1623 2995 VALERIO
1661 2936 2268 3005 IURISCONSULT03

550 3085 663 3128 cur
716 3066 890 3130 enim
934 3066 1059 3131 tibi
1104 3066 1231 3131 hoc
1274 3088 1407 3131 non
1461 3065 1812 3152 gratificer,
1868 3062 2110 3148 nesci0,
2155 3084 2439 3163 praeser-
2459 3079 2501 3119 ω

413 3152 535 3216 tim
590 3173 735 3217 cum
789 3154 893 3218 his
950 3154 1354 3238 temporibus
1409 3153 1672 3218 audacia
1724 3173 1844 3236 pro
1899 3150 2215 3236 sapientia
2257 3151 2440 3215 liceat

314 3286 318 3293 .
417 3240 532 3303 uti.
620 3239 900 3306 Lentulo
946 3248 1170 3307 nostro
1218 3244 1323 3328 egi
1376 3264 1493 3326 per
1535 3242 1786 3306 litteras
1839 3245 1956 3305 tuo
1998 3238 2263 3303 nomine
2308 3262 2440 3327 gra-

414 3328 539 3390 tias
587 3328 947 3415 diligenter.
1040 3330 1168 3396 Sed
1219 3334 1296 3394 tu
1340 3330 1535 3395 velim
1591 3329 1842 3393 desinas
1886 3329 2016 3393 iam
2059 3327 2304 3391 nostris
2346 3328 2442 3392 lit-

414 3413 572 3478 teris
630 3417 730 3480 uti
788 3422 855 3481 et
910 3440 1031 3483 nos
1092 3418 1437 3502 aliquando
1497 3418 1737 3483 revisas
1793 3420 1860 3481 et
1911 3416 2008 3481 ibi
2059 3416 2252 3481 malis
2297 3436 2440 3500 esse,

418 3502 532 3566 ubi
588 3501 805 3587 aliquo
860 3528 1129 3571 numero
1184 3506 1298 3590 sie,
1356 3527 1549 3589 quam
1605 3504 1783 3590 istic,
1838 3505 1953 3569 ubi
2008 3504 2182 3569 solus
2229 3524 2441 3591 sapere
2463 3514 2502 3557 ³⁶
