2567 3884
852 191 1071 245 LIBER
1105 192 1236 246 xm
1271 197 1500 248 20—23.
2074 191 2205 258 387

167 337 243 398 ut
297 354 446 398 eum
500 333 967 399 Hammonium
1025 339 1092 400 et
1147 335 1218 399 in
1276 335 1536 420 patroni
1596 335 1732 400 eius
1790 296 2055 424 negotio
2113 337 2210 402 sic

167 426 390 488 tueare
435 426 509 503 ut
556 423 693 488 eius
737 427 1242 508 procuratorem,
1290 445 1482 508 quem
1528 424 1653 488 tibi
1700 425 2095 510 commende,
2142 428 2208 489 et

165 510 380 594 ipsum
435 531 552 574 suo
607 513 870 576 nomine
927 511 1158 599 diligas
1215 511 1584 598 habeasque
1636 511 1707 577 in
1751 533 2021 578 numero
2066 517 2208 578 tuo-

166 620 327 663 rum.
431 597 785 664 Hominem
830 601 1180 684 pudentem
1227 603 1293 664 et
1342 600 1703 665 officiosum
1750 621 2097 687 cognosces
2142 604 2209 665 et

113 703 140 744 5
169 686 454 774 dignum,
503 687 617 772 qui
663 709 702 752 a
746 691 811 752 te
860 688 1184 774 diligatur.
1260 687 1440 752 Vale

1081 913 1288 980 XXII.

596 1035 710 1092 Ser.
749 1035 988 1103 Romae,
1023 1042 1089 1091 ut
1120 1037 1355 1103 videtwr,
1392 1054 1445 1092 a.
1487 1039 1600 1093 708
1640 1041 1780 1106 (46).
1882 1081 1887 1084 -

863 1157 1122 1214 CICERO
1161 1159 1424 1215 SERVIO
1464 1158 1517 1215 S.

300 1301 370 1367 Τ.
397 1299 732 1386 Manlium,
772 1302 885 1386 qui
910 1301 1284 1390 negotiatur
1314 1301 1629 1388 Thespiis,
1665 1304 2079 1369 vehementer
2117 1305 2208 1368 di-
2249 1321 2276 1369 1

85 1410 140 1448 ιο
165 1391 330 1477 lig03
382 1413 534 1454 nam
590 1394 654 1455 et
709 1411 961 1474 semper
1011 1412 1115 1454 me
1170 1391 1375 1456 coluit
1428 1392 2049 1479 diligentissimeque
2096 1393 2207 1459 ob-

169 1479 446 1543 servavit
492 1483 556 1542 et
601 1501 642 1542 a
685 1478 916 1543 studiis
960 1479 1201 1543 nostris
1245 1500 1379 1544 non
1416 1481 1738 1545 abhorret.
1804 1479 2074 1545 Accedit
2110 1503 2206 1566 eo,

169 1566 343 1668 quod
377 1565 587 1631 Varro
614 1563 887 1631 Murena
911 1588 1150 1668 magno
1181 1589 1374 1668 opere
1404 1568 1543 1632 eius
1571 1589 1761 1633 causa
1786 1569 1928 1634 vult
1958 1570 2205 1654 omnia3

170 1655 281 1738 qui
335 1658 551 1719 tamen
605 1654 1030 1739 existimavit,
1092 1655 1214 1719 etsi
1269 1656 1403 1720 suis
1462 1656 1730 1741 1111110118,
1790 1657 2027 1741 quibus
2080 1621 2207 1721 tibi

165 1742 484 1807 Manlium
538 1743 1052 1828 commendabat,
1105 1744 1293 1808 valde
1349 1744 1725 1829 confideret,
1789 1749 2005 1809 tamen
2063 1768 2209 1810 mea

85 1846 139 1888 15
169 1830 722 1896 commendatione
787 1830 1034 1915 aliquid
1097 1831 1478 1896 accessionis
1536 1832 1693 1898 fore.
1783 1833 1890 1896 Me
1946 1832 2206 1916 quidem

169 1941 316 1983 cum
357 1919 561 1983 Manli
605 1919 1012 1984 familiaritas
1056 1924 1197 1984 tum
1234 1918 1549 1984 Varronis
1595 1921 1883 1986 studium
1930 1942 2209 1986 commo-

168 2009 282 2092 vit,
329 2012 402 2071 ut
449 2007 532 2071 ad
575 2011 642 2072 te
687 2028 882 2091 quam
927 2008 1405 2072 accuratissime
1451 2007 1815 2073 scriberem.
1910 2007 2209 2073 Gratissi-
2245 2027 2277 2073 2

167 2117 346 2160 mum
394 2096 598 2182 igitur
641 2095 806 2159 mihi
850 2096 1094 2181 feceris,
1141 2097 1198 2160 si
1241 2096 1398 2161 huic
1442 2097 1983 2161 commendationi
2028 2119 2209 2162 meae

168 2188 423 2247 tantum
468 2184 804 2269 tribueris,
866 2188 1181 2268 quantum
1228 2185 1333 2248 cui
1377 2185 1671 2249 tribuisti
1713 2185 2095 2271 plurimum,
2141 2186 2212 2250 id

85 2289 140 2328 20
169 2274 284 2356 est,
331 2272 384 2335 si
423 2271 492 2334 Τ.
531 2271 848 2336 Manlium
885 2293 1078 2356 quam
1122 2272 1421 2358 maxime,
1469 2273 1981 2375 quibuscumque
2016 2275 2210 2339 rebus

36 2435 38 2438 y
165 2360 436 2423 honeste
482 2381 556 2423 ac
599 2382 721 2445 pro
765 2364 880 2425 tua
925 2361 1240 2447 dignitate
1284 2362 1548 2446 poteriS,
1592 2362 1832 2427 iuveris
1870 2364 2063 2447 atque
2110 2385 2210 2428 or-

165 2447 449 2532 naveris3
515 2469 594 2511 ex
653 2448 984 2532 ipsiusque
1040 2453 1374 2532 praeterea
1427 2449 1815 2537 gratissimis
1870 2454 1935 2514 et
1987 2452 2211 2515 huma-

165 2535 454 2600 1118810118
516 2536 806 2601 moribus
871 2537 1183 2601 confirmo
1249 2537 1375 2601 tibi
1432 2541 1497 2602 te
1554 2560 1727 2624 eum,
1794 2560 1985 2622 quem
2044 2540 2211 2604 soles

167 2625 452 2688 fructum
507 2645 545 2686 a
599 2623 920 2690 bonorum
972 2625 1264 2690 virorum
1324 2625 1561 2691 officiis
1617 2630 2015 2711 exspectare,
2064 2649 2215 2691 0880

81 2728 140 2768 25
169 2715 526 2795 capturum.

1071 2871 1311 2936 XXIII.

599 2989 712 3044 Ser.
751 2991 984 3058 Romae,
1021 2999 1086 3047 ut
1119 2993 1353 3060 videtur,
1391 3011 1443 3048 a.
1487 2997 1599 3048 708
1639 2997 1780 3061 (46).

866 3112 1124 3169 CICERO
1165 3114 1429 3170 SERVIO
1471 3117 1523 3170 S.

300 3237 370 3302 L.
413 3236 724 3324 Cossinio,
772 3239 978 3304 amico
1017 3244 1082 3304 et
1117 3241 1348 3305 tribuli
1394 3246 1529 3326 tuo,
1575 3241 1761 3307 valde
1807 3241 2216 3307 familiariter
2257 3261 2283 3308 1

77 3348 136 3388 30
166 3331 342 3412 utor3
387 3349 538 3392 nam
585 3331 650 3392 et
695 3328 865 3392 inter
909 3333 1166 3393 nosmet
1210 3329 1387 3414 ipsos
1424 3293 1611 3394 vetus
1652 3351 1807 3396 usus
1854 3330 2212 3418 intercedit,

165 3420 233 3480 et
277 3413 536 3481 Atticus
588 3421 810 3482 noster
862 3418 1176 3482 maiorem
1231 3418 1429 3482 etiam
1484 3419 1647 3483 mihi
1709 3441 1857 3484 cum
1916 3384 2212 3484 Cossinio

165 3505 695 3570 consuetudinem
752 3505 924 3571 fecit.
1015 3504 1243 3590 Itaque
1303 3510 1443 3571 tota
1504 3506 1758 3572 Cossini
1819 3508 2047 3574 domus
2108 3532 2212 3574 me

1782 3614 1888 3667 25*
