2567 3884
872 182 1091 236 LIBER
1125 183 1178 236 X
1217 189 1443 237 10-12.
2053 184 2181 247 271

164 324 326 388 verti
380 324 631 388 nullum
686 325 885 390 alium
939 329 1267 409 receptum
1321 325 1682 391 Antonium
1737 326 2187 411 reliquiasque,

165 434 322 496 quae
367 434 513 476 cum
559 434 634 476 eo
679 417 906 498 essent,
951 414 1188 478 habere
1232 414 1359 477 nisi
1397 415 1465 477 in
1500 414 1603 477 1118
1648 415 1959 516 partibus,
2007 416 2188 479 duas-

163 522 284 584 que
329 502 390 564 ei
434 522 578 584 spes
625 523 760 565 esse
806 503 1193 585 111-0110811188,
1253 524 1449 566 11118111
1492 502 1721 585 Lepidi
1766 504 2188 586 11181118,811;8-

162 611 298 653 ram
343 590 675 653 exercitUS.
766 589 954 665 Quod
999 590 1310 691 quaedam
1355 611 1505 673 pars
1550 591 1867 654 exercitus
1903 613 2035 655 non
2069 592 2189 655 mi-

106 696 134 736 5
161 699 280 740 nus
324 678 568 741 furiosa
614 682 727 761 est,
759 700 966 778 quam
1013 679 1124 762 qui
1171 700 1317 741 cum
1352 678 1641 743 Antonio
1688 680 1966 763 fuerunt,
2013 679 2189 762 equi-

160 769 367 829 tatum
394 766 715 850 revocavi3
753 766 889 848 ipse
917 766 987 830 in
1012 766 1482 852 Allobrogibus
1511 767 1789 852 constiti,
1817 772 1890 831 ut
1916 767 2188 851 proinde

160 853 241 916 ad
286 854 502 917 omnia
546 858 806 937 paratus
854 876 1074 939 essem,
1119 876 1193 918 80
1229 877 1331 918 res
1366 877 1469 918 me
1506 858 1812 919 moneret.
1871 853 1941 919 Si
1976 856 2187 920 nudus

158 942 282 1005 hoc
318 963 383 1005 88
420 940 745 1006 Antonius
782 943 1046 1026 confert,
1092 942 1278 1007 facile
1314 943 1408 1006 mi
1443 943 1667 1007 videor
1709 964 1826 1026 per
1860 965 1963 1007 me
2001 944 2188 1008 susti-

159 1051 310 1093 nere
362 1052 550 1113 posse
603 1052 866 1114 remque
923 1030 1249 1115 publicam
1310 1053 1390 1094 ex
1442 1034 1656 1095 vestra
1710 1031 2027 1095 sententia
2082 1032 2187 1095 ad-

75 1136 130 1175 10
160 1118 554 1203 ministrare,
614 1118 906 1201 quamvis
960 1119 1041 1182 ab
1097 1120 1383 1183 exercitu
1427 1118 1657 1202 Lepidi
1702 1120 2075 1205 recipiatur3
2130 1120 2186 1183 81

159 1228 312 1271 vero
375 1207 704 1291 copiarum
762 1207 1008 1290 aliquid
1067 1227 1282 1270 secum
1342 1207 1641 1291 adducet,
1703 1211 1766 1270 et
1826 1207 1883 1271 81
1942 1208 2187 1271 decima

157 1295 332 1381 legio
377 1299 702 1379 veterana,
760 1316 921 1378 quae
975 1299 1197 1358 nostra
1252 1316 1447 1378 opera
1498 1299 1795 1359 revocata
1823 1316 1996 1362 ,cum
2041 1296 2186 1359 reli-

159 1384 304 1466 quis
351 1387 463 1467 est,
510 1383 592 1447 ad
636 1384 906 1447 eundem
953 1384 1237 1447 furorem
1281 1383 1575 1467 redierit,
1622 1387 1855 1467 tamen,
1901 1405 1982 1447 118
2028 1383 2186 1467 quid

158 1471 530 1535 detrimenti
572 1472 704 1555 fiat,
751 1472 1010 1535 dabitur
1055 1492 1248 1554 opera
1284 1493 1323 1534 a
1357 1493 1478 1555 me,
1522 1471 1716 1554 idque
1760 1493 1863 1534 me
1908 1476 2187 1554 praesta-

73 1576 128 1617 15
155 1564 378 1624 turum
424 1581 629 1642 sper0,
676 1559 828 1623 dum
873 1560 1065 1623 istinc
1101 1559 1321 1642 copiae
1366 1559 1744 1624 traiciantur
1785 1560 2187 1624 coniunctae-

159 1669 286 1732 que
329 1648 666 1711 nobiscum
712 1648 964 1711 facilius
1008 1648 1298 1732 perditos
1344 1648 1728 1732 opprimant.

293 1734 438 1799 Hoc
489 1736 614 1799 tibi
668 1736 976 1819 spondeo,
1031 1736 1122 1799 mi
1171 1735 1421 1819 (licere,
1474 1757 1682 1818 neque
1736 1735 2021 1799 animum
2069 1757 2188 1800 nec
2224 1750 2255 1797 3

157 1824 564 1910 diligentiam
600 1824 763 1888 mihi
800 1825 1178 1888 defuturam.
1248 1823 1454 1906 Cupio
1499 1824 1893 1887 mehercules
1939 1824 2185 1889 nullam

157 1913 480 1977 residuam
527 1912 1027 1976 sollicitudinem
1073 1934 1235 1997 8888;
1281 1912 1409 1997 sed,
1456 1912 1512 1975 si
1556 1912 1769 1996 fuerit,
1815 1933 1932 1975 1180
1970 1912 2186 1975 81111110

66 2020 128 2059 20
157 2023 276 2065 nec
320 2001 804 2065 benevolentiae
856 2022 974 2064 nec
1017 2000 1365 2084 patientiae
1411 2000 1787 2084 cuiusquam
1835 2021 1955 2085 pro
2000 2000 2188 2064 vobis

157 2089 395 2153 cedam.
494 2088 598 2151 Do
658 2088 918 2171 quidem
977 2110 1097 2175 ego
1155 2110 1441 2174 operam,
1496 2093 1570 2152 ut
1624 2088 1817 2152 etiam
1870 2087 2188 2171 Lepidum

157 2177 241 2240 ad
283 2177 477 2240 huius
521 2176 616 2239 rei
661 2176 1032 2240 societatem
1077 2177 1358 2261 incitem,
1405 2177 1745 2259 omniaque
1784 2176 1844 2238 ei
1881 2176 2190 2260 opsequia

153 2265 485 2348 polliceor,
531 2264 586 2327 si
631 2265 824 2329 modo
871 2287 1007 2329 rem
1052 2288 1112 2348 p.
1152 2265 1467 2347 respicere
1503 2264 1692 2328 volet.
1757 2262 1927 2327 Utor
1962 2264 2031 2327 in
2067 2264 2190 2327 hac

156 2375 228 2417 re
265 2352 668 2416 adiutoribus
703 2353 1293 2437 interpretibusque
1329 2354 1528 2415 fratre
1562 2373 1708 2415 meo
1744 2356 1809 2415 et
1843 2352 2189 2416 Laterense

63 2456 129 2500 25
157 2445 225 2505 et
269 2440 514 2504 Furnio
567 2445 806 2505 nostro.
896 2441 1049 2505 Non
1102 2462 1206 2504 me
1260 2440 1590 2523 inpedient
1647 2440 1936 2524 privatae
1994 2440 2207 2504 offen?

157 2529 399 2613 siones,
447 2550 575 2612 quo
620 2529 833 2593 minus
877 2551 998 2614 pro
1046 2530 1138 2593 rei
1182 2552 1243 2613 p.
1293 2529 1497 2592 salute
1544 2529 1737 2592 etiam
1784 2550 1932 2593 cum
1977 2529 2191 2592 inimi-

156 2618 417 2682 cissimo
483 2618 892 2681 consentiam.
1001 2616 1244 2692 Quodsi
1307 2616 1475 2680 nihil
1545 2618 1908 2701 profecere,
1980 2617 2188 2680 nihilo

152 2707 374 2771 minus
434 2706 718 2769 maximo
781 2727 927 2769 cum
999 2707 1213 2769 animo
1279 2708 1344 2769 et
1405 2705 1648 2768 maiore
1710 2705 1981 2768 fortasse
2045 2726 2191 2768 cum

152 2816 302 2859 mea
345 2794 556 2880 gloria
598 2794 784 2858 vobis
829 2794 984 2857 satis
1029 2793 1276 2857 faciam.
1369 2792 1497 2856 Fac
1533 2793 1744 2856 valeas
1788 2814 2018 2877 meque
2055 2815 2192 2856 mu-

57 2902 124 2941 so
153 2889 274 2948 tuo
323 2884 572 2968 diligas,

1101 3037 1244 3104 XII.

497 3236 506 3243 -
566 3160 680 3217 Ser.
719 3161 928 3216 Romae
963 3161 1078 3214 III
1103 3162 1188 3215 Id.
1233 3160 1373 3229 Apr.
1420 3178 1472 3215 a.
1513 3163 1619 3214 711
1661 3162 1799 3228 (43).

872 3282 1128 3336 CICERO
1174 3281 1479 3337 PLANCO.

289 3410 436 3474 Etsi
481 3411 575 3473 rei
619 3433 684 3494 p.
721 3431 909 3473 causa
953 3409 1231 3472 maxime
1277 3408 1557 3494 gaudere
1597 3408 1797 3473 debeo
1842 3411 2097 3471 tantum
2134 3407 2193 3471 ei
2238 3425 2259 3471 1

41 3518 116 3561 35
144 3505 216 3564 te
264 3498 589 3582 praesidii,
635 3502 888 3561 tantum
935 3498 1076 3582 opis
1123 3496 1415 3561 attulisse
1453 3497 1756 3561 extremis
1800 3518 2001 3582 paene
2036 3499 2194 3560 tem-
