2567 3884
917 195 1134 248 LIBER
1169 195 1248 250 vi
1288 202 1371 264 11,
1412 202 1495 250 12.
2108 197 2235 262 159

209 339 644 424 intercedunt,
707 339 1089 423 quibuscum
1149 360 1269 424 ego
1326 360 1513 424 agere
1570 338 1647 403 de
1700 341 1765 403 te
1818 361 1951 403 non
1998 339 2241 428 destiti3

211 428 572 512 principem
606 431 823 491 tamen
849 427 1194 491 habuimus
1219 426 1513 510 Pansam,
1550 427 1648 490 tui
1682 427 2241 513 studiosissimum,

210 517 340 581 mei
386 515 707 601 cupidum,
754 516 865 599 qui
901 516 1142 579 valeret
1179 514 1351 598 apud
1386 515 1571 578 illum
1605 535 1737 578 non
1772 515 1987 578 minus
2028 520 2241 580 aucto-

213 605 406 668 ritate
453 625 646 687 quam
737 602 916 667 ratia.
1010 601 1270 667 Cimber
1316 607 1531 666 autem
1577 602 1807 667 Tillius
1842 604 2005 667 mihi
2051 605 2239 688 plane

130 714 158 754 ε
213 693 370 758 satis
415 693 584 756 fecit.
713 692 886 754 alent
921 696 1139 755 tamen
1175 691 1347 774 apud
1386 689 1718 756 Caesarem
1763 713 1895 755 non
1930 695 2066 755 tam
2112 715 2241 755 am-

210 781 487 845 bitiosae
513 779 882 866 rogationes
910 801 1102 863 quam
1127 780 1543 865 necessariae3
1581 800 1774 862 quam
1801 780 1953 863 quia
1981 778 2242 843 Cimber

210 869 520 952 habebat,
577 868 723 952 plus
767 868 996 951 valuit,
1043 889 1237 951 quam
1279 890 1400 951 pro
1446 867 1580 931 ullo
1627 868 1754 931 alio
1798 868 2010 932 valere
2054 872 2241 951 potu-

211 958 384 1021 isset.
475 955 780 1039 Diploma
825 955 1043 1020 statim
1095 978 1228 1019 non
1283 959 1379 1019 est
1435 956 1680 1039 datum,
1741 957 1915 1039 quod
1962 956 2235 1020 mirifica
2273 973 2305 1022 3

213 1050 311 1110 est
369 1044 754 1128 improbitas
811 1045 880 1107 in
938 1044 1354 1128 quibusdam,
1420 1043 1529 1127 qui
1589 1044 1887 1108 tulissent
1946 1045 2237 1108 acerbius

134 1155 188 1194 10
214 1134 472 1198 veniam
517 1132 642 1197 tibi
688 1133 851 1217 dari,
907 1154 1100 1216 quam
1144 1132 1244 1196 illi
1292 1132 1615 1215 appellant
1661 1132 1909 1196 ‘tubam
1955 1133 2109 1196 belli
2156 1133 2240 1196 ci-

211 1221 363 1286 vilis
375 1222 414 1307 ',
459 1221 788 1304 multaque
833 1221 926 1284 ita
972 1220 1208 1304 dicunt,
1255 1220 1439 1304 quasi
1483 1241 1613 1284 non
1649 1221 1969 1306 gaudeant
2004 1221 2073 1284 id
2107 1221 2241 1284 bel*

210 1310 351 1373 lum
414 1309 728 1372 incidisse.
838 1307 1068 1385 Quare.
1107 1309 1319 1373 visum
1384 1311 1480 1371 est
1545 1309 1855 1373 occultius
1920 1309 2238 1394 agendum

212 1419 422 1481 neque
466 1397 602 1460 ullo
654 1397 848 1460 modo
895 1396 1356 1482 divulgandum
1403 1397 1480 1460 de
1524 1400 1589 1460 te
1644 1397 1774 1460 iam
1822 1418 1955 1462 esse
1999 1397 2239 1481 perfec-

214 1491 384 1571 tum3
431 1485 543 1548 sed
586 1484 655 1548 id
699 1484 822 1548 erit
865 1485 1180 1569 perbrevi,
1226 1507 1345 1548 nec
1391 1484 1633 1568 dubito,
1682 1485 1839 1569 quin
1874 1485 2128 1571 legente
2173 1487 2239 1548 te

134 1593 190 1634 15
213 1575 332 1638 has
375 1572 625 1636 litteras
670 1572 957 1636 confecta
1001 1573 1129 1636 iam
1165 1595 1266 1637 res
1302 1574 1521 1636 futura
1564 1573 1665 1636 sit.
1728 1571 1937 1636 Pansa
1980 1572 2239 1657 quidem

213 1661 405 1745 mihi,
459 1661 674 1746 gravis
726 1660 923 1724 homo
970 1664 1034 1725 et
1080 1664 1316 1744 certus,
1376 1681 1506 1723 non
1562 1660 1770 1727 solum
1817 1661 2239 1743 confirmavit,

214 1772 442 1814 verum
487 1749 680 1813 etiam
716 1749 956 1832 recepit
989 1748 1397 1831 perceleriter
1432 1769 1499 1812 se
1535 1748 1901 1812 ablaturum
1937 1748 2237 1831 diploma.

214 1838 382 1902 Mihi
425 1841 642 1901 tamen
685 1837 928 1920 placuit
980 1836 1138 1899 haec
1182 1837 1263 1899 ad
1307 1839 1372 1899 te
1416 1836 1753 1921 perscribi3
1806 1837 2019 1900 minus
2066 1836 2238 1900 enim

216 1930 280 1990 te
326 1925 587 1988 firmum
632 1946 841 1988 sermo
887 1923 1240 2007 Eppuleiae
1294 1927 1443 1987 tuae
1498 1924 1920 2008 lacrimaeque
1964 1922 2237 2008 Ampiae

139 2034 191 2074 20
217 2013 644 2097 declarabant,
691 2035 884 2096 quam
929 2013 1295 2098 significant
1339 2013 1489 2075 tuae
1535 2010 1814 2097 litterae,
1862 2016 2052 2096 atque
2089 2013 2238 2076 illae

217 2101 715 2184 arbitrabantur,
762 2122 907 2164 cum
954 2123 992 2163 a
1033 2104 1099 2164 te
1145 2101 1441 2163 abessent
1484 2099 1685 2184 ipsae,
1730 2101 1936 2163 multo
1982 2101 2052 2163 in
2097 2123 2239 2186 gra-

216 2191 396 2255 viore
454 2193 519 2253 te
579 2210 730 2252 cura
787 2190 1093 2252 futurum.
1199 2188 1409 2264 Quare
1466 2209 1702 2274 magno
1764 2210 1953 2272 opere
2010 2189 2241 2270 referre

216 2278 440 2363 putavi
486 2277 744 2363 angoris
791 2280 855 2340 et
901 2277 1140 2340 doloris
1193 2277 1294 2340 tui
1351 2276 1606 2340 levandi
1652 2297 1839 2340 causa
1881 2298 2001 2361 pro
2050 2277 2239 2340 certis

218 2367 300 2430 ad
342 2370 408 2430 te
455 2387 544 2450 ea,
591 2386 752 2450 quae
799 2368 1008 2428 essent
1055 2367 1244 2448 certa,
1289 2364 1617 2448 perscribi.

135 2473 190 2514 25
354 2453 492 2519 Scis
526 2476 629 2516 me
667 2457 854 2516 antea
889 2453 980 2516 sic
1017 2453 1282 2516 solitum
1320 2474 1454 2516 esse
1500 2452 1777 2516 scribere
1804 2453 1886 2516 ad
1902 2456 1995 2537 te,
2032 2453 2239 2538 magis
2276 2469 2312 2518 4

218 2547 292 2607 ut
339 2542 701 2606 consolarer
744 2543 979 2605 fortem
1023 2541 1236 2606 virum
1281 2545 1475 2624 atque
1520 2541 1890 2625 sapientem,
1937 2562 2130 2625 quam
2167 2544 2240 2604 ut

218 2631 615 2715 exploratam
669 2651 848 2713 spem
902 2630 1126 2693 salutis
1186 2629 1587 2693 ostenderem
1639 2629 1765 2692 nisi
1820 2651 1986 2714 eam,
2046 2651 2240 2712 quam

217 2720 300 2784 ab
345 2720 486 2803 ipsa
528 2740 598 2782 re
641 2741 702 2801 p.
713 2769 730 2802 ,
786 2739 932 2781 cum
974 2717 1084 2781 hic
1127 2717 1320 2781 ardor
1363 2718 1706 2781 restinctus
1751 2721 1941 2800 esset,
1998 2717 2239 2801 sperari

219 2810 514 2892 oportere
561 2826 898 2870 censerem.
987 2805 1349 2869 Recordare
1392 2809 1537 2869 tuas
1581 2805 1847 2890 litteras,
1895 2805 2128 2889 quibus
2176 2809 2240 2869 et

135 2917 189 2956 so
215 2918 526 2982 magnum
571 2894 857 2958 animum
900 2893 1064 2957 mihi
1117 2915 1369 2977 semper
1414 2893 1749 2958 ostendisti
1794 2897 1859 2957 et
1904 2892 1986 2956 ad
2031 2893 2239 2956 omnis

215 3006 401 3049 casus
445 2983 741 3047 ferendos
789 2985 1186 3046 constantem
1231 3003 1306 3045 ac
1348 2985 1660 3065 paratum.
1730 2979 1916 3055 Quod
1952 3002 2073 3066 ego
2109 3002 2242 3044 non

213 3072 526 3156 mirabar,
587 3093 735 3135 cum
792 3071 1159 3135 recordarer
1220 3074 1285 3134 te
1342 3073 1406 3133 et
1461 3093 1499 3134 a
1554 3069 1781 3152 primis
1839 3069 2241 3152 temporibus

214 3161 446 3226 aetatis
490 3161 561 3223 in
605 3182 674 3224 re
728 3182 787 3243 p.
835 3180 970 3222 esse
1014 3163 1339 3223 versatum
1394 3161 1459 3221 et
1511 3161 1658 3220 tuos
1711 3157 2127 3242 magistratus
2172 3156 2241 3219 in

215 3251 357 3335 ipsa
417 3247 786 3311 discrimina
846 3246 1144 3310 incidisse
1205 3246 1428 3310 salutis
1482 3246 2014 3328 fortunarumque
2074 3265 2242 3308 com—

133 3356 188 3397 35
213 3337 512 3402 munium
557 3340 622 3400 et
666 3335 735 3399 in
777 3335 904 3399 hoc
948 3335 1160 3418 ipsum
1204 3335 1449 3399 bellum
1494 3355 1629 3397 esse
1674 3333 2064 3419 ingressum,
2109 3354 2241 3396 non

216 3427 430 3492 solum
473 3427 548 3488 ut
582 3423 792 3488 victor
834 3423 1078 3509 beatus,
1123 3423 1235 3486 sed
1279 3422 1474 3486 etiam
1518 3425 1608 3508 ut,
1656 3421 1709 3485 si
1755 3423 1847 3485 ita
1891 3421 2241 3504 accidisset,

215 3516 428 3580 victus
491 3512 752 3599 ,sapiens
823 3533 1006 3577 esses.
1113 3511 1393 3596 Deinde,
1476 3532 1621 3575 cum
1694 3510 1979 3574 studium
2050 3513 2239 3574 tuum
2276 3523 2308 3573 5
