2567 3884
349 178 480 242 318
1097 179 1614 234 EPISTULARUM

1245 389 1486 458 XVIII.

725 512 841 569 Ser.
879 513 1090 568 Romae
1126 513 1337 568 XLIII
1364 513 1439 568 K.
1477 513 1607 566 zwn.
1646 531 1699 567 a.
1741 516 1848 567 711
1880 516 2016 583 (43).

563 635 639 692 M.
680 634 938 690 CICERO
980 634 1033 690 S.
1068 635 1137 690 D.
1176 634 1242 690 D.
1280 635 1525 690 BRUTO
1568 634 1716 689 IMP.
1756 634 1902 690 COS.
1939 635 2170 692 DESIG.

279 779 307 826 1
482 760 629 826 Etsi
667 782 746 825 ex
781 760 1122 845 mandatis,
1169 782 1331 844 quae
1372 759 1613 824 Galbae
1650 758 2132 844 Volumnioque
2177 761 2260 824 ad
2300 784 2401 828 se-

347 853 574 913 natum
623 849 881 933 dedisti,
938 849 1096 933 quid
1137 848 1500 912 timendum
1544 852 1833 933 putares,
1888 849 2401 936 suspicabamur,
2454 868 2477 908 5

349 942 568 1002 tamen
594 937 926 1001 timidiora
951 936 1254 1000 mandata
1281 937 1685 1020 videbantur,
1730 959 1923 1021 quam
1952 941 2090 1002 erat
2118 937 2401 1040 dignum

349 1031 462 1090 tua
520 1025 874 1109 populique
928 1025 1207 1088 Romani
1266 1025 1554 1090 victoria.
1662 1023 1935 1089 Senatus
1994 1029 2236 1110 autem,
2300 1028 2401 1090 mi

349 1113 570 1198 Brute,
616 1113 805 1178 fortis
852 1115 950 1176 est
986 1117 1053 1177 et
1086 1112 1285 1177 habet
1330 1113 1519 1178 fortis
1558 1112 1763 1178 duce's.
1855 1112 2082 1197 Itaque
2116 1114 2403 1179 moleste

351 1203 600 1266 ferebat
653 1223 721 1266 se
777 1223 815 1264 a
867 1205 960 1285 te,
1021 1223 1212 1285 quem
1268 1202 1592 1285 omnium,
1664 1201 2052 1285 quicumque
2097 1202 2402 1287 fuissent,

350 1290 779 1354 fortissimum
816 1289 1146 1373 iudicaret,
1181 1288 1486 1354 timidum
1524 1294 1717 1390 atque
1754 1288 2062 1374 ignavum
2097 1290 2401 1355 iudicari.
2432 1311 2475 1349 10

282 1395 314 1442 2
351 1378 634 1478 Etenim,
681 1400 826 1441 cum
863 1381 929 1442 te
965 1377 1214 1441 incluso
1259 1400 1440 1460 spem
1485 1377 1833 1442 maximam
1872 1399 2093 1442 omnes
2130 1378 2403 1443 habuis-

353 1470 496 1530 sent
552 1466 620 1529 in
674 1470 788 1530 tua
841 1466 1083 1530 virtute
1141 1466 1414 1530 florente
1469 1465 1786 1550 Antonio,
1847 1467 1993 1550 quis
2048 1470 2215 1551 erat,
2278 1469 2405 1551 qui

353 1555 698 1637 quicquam
734 1554 994 1620 timeret
1037 1554 1387 1640 profligato
1425 1554 1539 1617 illo
1577 1557 1643 1618 16
1678 1554 2001 1619 liberato?
2057 1553 2126 1618 N
2127 1575 2199 1618 66
2234 1578 2403 1620 vero

350 1643 670 1726 Lepidum
713 1643 1116 1706 timebamus.
1210 1641 1369 1718 Quis
1415 1641 1589 1706 enim
1634 1645 1815 1726 esset,
1864 1643 1978 1726 qui
2023 1642 2209 1706 illum
2254 1647 2404 1708 tam

352 1731 669 1794 furiosum
715 1730 1158 1814 arbitraretur,
1204 1734 1296 1814 111,
1344 1729 1456 1813 qui
1499 1730 1571 1793 in
1613 1730 1897 1794 maximo
1945 1731 2117 1794 bello
2163 1753 2403 1815 pacem
2429 1748 2472 1788 1⁵

351 1819 516 1882 velle
563 1840 630 1882 se
677 1818 968 1903 dixisset,
1022 1819 1077 1882 is
1123 1818 1193 1880 in
1238 1817 1643 1901 optatissima
1695 1839 1851 1902 pace
1898 1818 2142 1882 bellum
2187 1819 2288 1884 rei
2338 1844 2401 1904 p.

281 1923 314 1971 3
353 1907 707 1970 indiceret?
796 1906 936 1971 Nec
991 1906 1245 1990 dubito,
1312 1907 1469 1990 quin
1532 1910 1605 1971 tu
1658 1906 1805 1990 plus
1859 1907 2225 1992 provideas3
2284 1910 2405 1973 sed
2528 1945 2530 1952 ·

352 1999 569 2058 tamen
614 1999 749 2058 tam
795 1995 1037 2058 recenti
1081 1994 1543 2080 gratulatione,
1603 2016 1797 2078 quam
1841 1999 1957 2058 tuo
2000 1995 2268 2059 nomine
2320 1998 2405 2060 ad

354 2083 571 2147 omnia
617 2083 883 2146 deorum
938 2083 1180 2165 templa
1225 2083 1521 2166 fecimus,
1577 2083 1911 2146 renovatio
1958 2083 2216 2146 timoris
2260 2106 2405 2148 ma-

352 2193 548 2256 gnam
593 2170 957 2234 molestiam
1003 2170 1349 2234 adferebat.
1443 2170 1652 2246 Quare
1697 2170 1894 2234 velim
1950 2170 2280 2256 equidem,
2333 2171 2472 2236 idm
2523 2251 2524 2254 Ἴ

353 2259 528 2342 quod
573 2279 778 2343 spero,
823 2262 898 2322 ut
942 2259 1132 2342 plane
1177 2258 1467 2322 abiectus
1513 2262 1578 2322 et
1613 2258 1856 2322 fractus
1900 2259 1987 2322 sit
2032 2258 2404 2345 Antonius3

353 2347 452 2410 sin
499 2346 746 2430 aliquid
790 2347 1028 2410 virium
1073 2346 1244 2410 forte
1290 2346 1650 2432 collegerit,
1696 2346 1933 2426 sentiet
1976 2366 2095 2411 nec
2140 2349 2407 2414 senatui
2520 2359 2522 2364 '

352 2434 693 2498 consilium
737 2456 857 2498 nec
899 2435 1142 2518 populo
1180 2434 1477 2498 Romano
1515 2435 1825 2499 virtutem
1872 2434 2088 2499 deesse
2133 2457 2258 2502 nec
2308 2438 2407 2502 rei

350 2546 412 2607 p.
457 2526 524 2586 te
570 2523 720 2586 vivo
767 2523 1242 2606 imperatorem.
1333 2540 1489 2586 me
1534 2522 1613 2588 K.
1658 2521 1799 2588 Iun.

1283 2749 1458 2815 XIX.
2336 2811 2352 2832 ,
2428 2771 2467 2809 25

717 2869 830 2928 Sor.
880 2870 1136 2926 Vercellis
1175 2871 1315 2924 XII
1343 2870 1417 2925 K.
1456 2871 1585 2926 Iwn.
1626 2889 1679 2926 a.
1719 2874 1826 2927 711
1875 2874 2010 2940 (43).

490 2992 558 3046 D.
599 2991 883 3047 BRUTUS
930 2992 1076 3047 IMP.
1118 2991 1266 3048 COS.
1306 2992 1535 3048 DESIG.
1578 2993 1629 3049 S.
1667 2994 1734 3050 D.
1774 2995 1849 3049 Μ.
1890 2993 2252 3051 CICERONI.

281 3153 309 3199 1
480 3133 587 3198 Ad
633 3138 926 3199 senatum
982 3157 1142 3220 quas
1186 3135 1441 3200 litteras
1484 3136 1663 3220 misi,
1721 3137 1916 3201 velim
1962 3136 2146 3221 prius
2192 3141 2403 3222 perle-

348 3244 464 3308 gas
510 3226 593 3306 et,
641 3223 869 3324 8100116
913 3223 1039 3287 tibi
1084 3223 1495 3307 videbuntur,
1548 3229 1919 3290 commutes.
2010 3223 2401 3293 Necessario

347 3332 452 3374 me
505 3311 836 3394 scripsisse
895 3311 1032 3395 ipse
1088 3311 1589 3396 animadvertes3
1648 3336 1827 3397 nam,
1888 3335 2034 3376 cum
2092 3319 2400 3396 putarem
2423 3333 2461 3371 ³⁰

351 3403 645 3480 quartam
683 3403 748 3464 et
783 3399 1090 3464 Martiam
1124 3399 1415 3484 legiones
1450 3421 1703 3465 mecum
1750 3402 2019 3486 futuras„
2064 3406 2139 3464 ut
2176 3402 2399 3469 Druso

347 3484 704 3569 Paulloque
766 3487 1096 3576 placuerat
1159 3486 1347 3551 vobis
1420 3487 1961 3575 adsentientibus,
2033 3490 2257 3555 minus
2326 3494 2401 3557 de
