2567 3884
856 232 1077 287 LIBER,
1110 234 1239 287 XVI
1275 241 1504 289 22-24.
2077 234 2206 298 487

214 374 558 438 contemnis,
663 374 807 439 Etsi
871 374 1128 439 Atticus
1191 381 1441 462 noster,
1507 377 1658 461 quia
1721 378 2044 461 quondam
2107 400 2210 441 me

213 461 577 527 commoveri
622 475 926 539 πανικοϊς
968 464 1308 549 intellexit,
1354 465 1524 528 idem
1571 487 1821 549 semper
1863 469 2050 549 putat
2093 487 2212 530 nec

210 550 389 634 videt,
450 550 683 634 quibus
732 552 1071 653 praesidiis
1124 553 1572 637 philosophiae
1629 557 1884 637 saeptus
1939 554 2086 639 sim3
2147 557 2212 618 et

208 638 416 722 hercle,
454 639 627 722 quod
662 640 981 704 timidus
964 662 1099 741 lpse
1129 645 1242 725 est,
1288 644 1739 726 θορυβοποιεῐ.
1814 641 1963 743 Ego
1996 605 2212 705 tainen

156 744 183 784 5
206 724 433 791 Antoni
492 727 913 792 inveteratam
968 729 1103 792 sine
1150 692 1283 792 ulla
1330 730 1678 794 offensione
1725 730 2074 793 amicitiam
2118 752 2214 793 re-

51 887 65 899 „
206 814 391 879 tinere
428 837 578 879 sane
605 815 753 879 volo
782 816 1183 901 scribamque
1212 816 1294 881 ad
1321 839 1484 903 eum,
1523 818 1633 881 sed
1659 839 1790 881 non
1819 821 1982 902 ante,
2020 840 2212 901 quam

51 940 80 987 5,-
203 906 264 965 te
316 903 549 967 videro,
647 903 786 968 Nec
843 908 1058 968 tamen
1116 908 1181 968 te
1240 927 1437 970 avoco
1498 928 1536 969 a
1595 906 1984 991 syngrapha·
2045 909 2211 988 γόνυ

204 993 452 1074 κνήμης.
546 990 701 1055 Cras
747 997 1012 1077 expecto
1048 993 1321 1077 Leptam
1365 994 1412 1078 †
1449 997 1512 1058 et
1547 1015 1609 1058 11.
1649 994 1729 1057 ad
1761 958 2214 1058 cuius⁷rutam

58 1149 81 1166 θ
202 1079 405 1161 puleio
452 1079 617 1144 mihi
662 1080 759 1144 tui
806 1082 1119 1145 sermonis
1165 1082 1476 1146 utendum
1521 1084 1634 1147 est.
1716 1080 1895 1147 Vale.

50 1301 81 1348 11
114 1326 172 1365 10
1082 1307 1319 1374 XXIV.

50 1396 73 1525 *f
234 1427 341 1481 Ser.
380 1428 443 1481 in
477 1427 751 1495 Arpinati
787 1430 962 1497 paulo
990 1435 1119 1497 post
1163 1448 1214 1483 a.
1254 1430 1308 1484 a.
1346 1430 1459 1483 III
1485 1431 1574 1486 Id.
1615 1431 1756 1487 Nov.
1799 1448 1852 1485 a.
1893 1432 2003 1485 710
2042 1432 2178 1498 (44)-

846 1550 1150 1605 TULLros
1199 1551 1454 1607 mom
1497 1552 1551 1607 6.

52 1754 71 1781 ᾗ
324 1692 467 1756 Etsi
525 1714 712 1757 mane
765 1692 1122 1777 Harpalum
1174 1695 1500 1780 miseram,
1551 1699 1784 1780 tamen,
1831 1716 1976 1759 cum
2021 1695 2214 1758 habe-

192 1803 343 1865 rem,
382 1781 484 1844 cui
521 1784 692 1844 recte
722 1781 936 1845 darem
971 1782 1238 1868 litteraS,
1276 1782 1398 1847 etsi
1433 1782 1587 1847 novi
1623 1782 1789 1846 nihil
1817 1785 1971 1867 erat,
2008 1782 2212 1845 isdem

99 1887 160 1929 15
193 1870 268 1932 de
314 1832 505 1933 iebus
550 1869 728 1933 volui
784 1870 865 1932 ad
907 1874 974 1934 te
1028 1872 1279 1956 saepius
1309 1870 1629 1956 scribere,
1689 1892 1820 1934 non
1867 1871 2022 1954 quin
2069 1891 2215 1933 6611-

188 1958 454 2021 fiderem
517 1957 887 2043 diligentiae
944 1962 1118 2044 tuae,
1178 1960 1290 2023 sed
1343 1959 1439 2023 161
1489 1980 1594 2022 1116
1648 1958 2050 2045 magnitudo
2080 1979 2215 2022 mo-

187 2046 395 2111 vebat
485 2044 651 2109 Mihi
717 2046 941 2129 ‘prora
1004 2051 1068 2110 et
1130 2047 1424 2131 puppis',
1489 2050 1562 2110 ut
1624 2044 2013 2110 Graecorum
2067 2068 2216 2129 pro-

50 2132 75 2213 ζ’
185 2133 483 2198 verbium
547 2138 673 2217 est,
736 2134 863 2197 fuit
926 2157 963 2197 a
1024 2158 1127 2199 me
1185 2137 1285 2200 tui
1345 2134 1742 2218 dimittendi,
1801 2137 1875 2198 ut
1932 2134 2214 2198 rationes

50 2214 75 2330 {⁹
184 2225 440 2285 nostras
486 2222 851 2306 explicares,
926 2220 1144 2287 Ofillio
1192 2228 1256 2287 et
1300 2222 1568 2287 Aurelio
1613 2222 1837 2305 utique
1883 2223 2038 2285 satis
2081 2223 2213 2285 fiat.

50 2380 71 2405 ᾖ
88 2330 152 2367 20
183 2308 248 2371 A
286 2308 593 2394 Flamma,
640 2310 694 2373 si
739 2332 870 2373 non
915 2314 1099 2412 potes
1148 2333 1354 2395 omne,
1396 2314 1647 2395 partem
1694 2309 1975 2394 aliquam
2019 2309 2214 2374 velim

188 2400 605 2482 extorqueas,
667 2398 737 2461 in
798 2398 1153 2483 primisque
1216 2404 1290 2464 ut
1354 2399 1652 2482 expedita
1709 2398 1794 2462 sit
1850 2398 2076 2483 pensio
2135 2398 2212 2461 K.

54 2490 63 2511 ²
178 2482 319 2548 Ian
413 2484 511 2549 De
583 2486 1005 2551 attributione
1077 2488 1409 2571 conficies,
1485 2487 1560 2550 de
1633 2487 2214 2570 repraesentatione

178 2571 455 2636 videbis.

322 2659 421 2723 De
477 2660 843 2725 domesticis
896 2660 1088 2725 rebus
1140 2661 1475 2746 hactenUS,
1537 2662 1614 2726 de
1667 2662 1945 2745 publicis
2002 2661 2216 2724 omnia

69 2766 139 2809 25
175 2748 352 2812 mihi
399 2752 589 2832 certa,
636 2748 791 2849 quid
836 2739 1247 2834 Octavianus,
1297 2750 1453 2833 quid
1497 2748 1848 2834 Antonius,
1896 2771 2058 2833 quae
2101 2748 2215 2812 ho-

173 2836 438 2900 minum
486 2800 732 2921 opinio,
789 2837 946 2920 quid
997 2800 1290 2901 futuruin
1334 2841 1538 2921 putes,
1629 2836 1773 2923 Ego
1820 2837 1929 2901 vix
1974 2840 2214 2921 teneor,

172 2924 347 3007 quin
393 2945 747 3010 accurram3
794 2925 905 2988 sed
949 2926 1035 2989 611
1079 2925 1330 2989 litteras
1365 2930 1510 2990 tuas
1547 2928 1862 3009 exspecto.
1927 2924 2014 2988 Et
2053 2924 2214 2988 scito

166 3012 466 3075 Balbum
524 3016 665 3076 tum
722 3012 919 3076 fuisse
971 3011 1244 3098 Aquini,
1307 3036 1452 3077 cum
1505 3014 1629 3077 tibi
1685 3017 1782 3076 est
1827 3012 2096 3097 dictum,
2152 3016 2217 3076 et

161 3101 499 3184 postridie
536 3100 842 3164 Hirtium.
915 3099 1084 3165 Puto
1120 3105 1468 3185 utrumque
1505 3100 1586 3165 ad
1621 3122 1850 3186 aquas3
1897 3100 2008 3164 sed
2043 3100 2217 3184 quod

50 3210 125 3250 30
162 3189 439 3274 egerint
476 3226 587 3252 ——.
660 3188 1035 3252 Dolabellae
1079 3193 1528 3273 procuratores
1572 3190 1674 3253 fac
1719 3192 1792 3252 ut
1837 3188 2216 3253 admonean—

158 3280 302 3340 tur.
374 3275 753 3361 Appellabis
801 3276 995 3341 etiam
1039 3276 1324 3361 Papiam.
1398 3277 1576 3341 Vale.
