2567 3884
932 188 1150 242 LIBER
1186 189 1263 242 IX
1304 193 1529 244 17—20.
1590 225 1593 228 -
2102 185 2231 250 249

201 353 309 396 sus
343 330 723 416 Minervam,
772 331 819 414 †
857 331 970 395 sed
1014 332 1337 415 quomodo
1375 331 1579 396 video.
1646 329 1717 394 Si
1754 330 2231 394 aestimationes
2269 346 2303 394 4

201 424 348 483 tuas
399 419 677 483 vendere
732 440 863 483 non
916 423 1102 504 potes
1155 440 1363 503 neque
1419 420 1613 483 ollam
1662 418 2070 482 denariorum
2115 418 2232 481 im-

201 508 378 592 plere
390 559 407 592 ‚
466 507 744 571 Romam
802 508 928 571 tibi
985 508 1468 594 remigrandum
1528 511 1650 591 est3
1712 507 1911 571 satius
1971 510 2067 570 est
2123 505 2233 568 hic

203 596 518 660 cruditate
564 614 760 679 quam
803 595 951 660 istic
995 596 1180 660 fame.
1270 594 1481 660 Video
1527 598 1593 659 te
1638 595 1809 658 bona
1852 593 2231 678 perdidisse;

151 703 177 741 ⁵
203 705 389 768 spero
435 684 608 747 idem
654 683 822 746 istuc
865 684 1212 748 familiares
1256 688 1421 748 tuos,
1512 682 1752 747 Actum
1796 683 2000 768 igitur
2044 682 2122 745 de
2166 685 2233 744 te

204 775 325 856 est,
383 772 512 835 nisi
565 771 881 856 provides.
971 770 1164 836 Potes
1217 772 1398 836 mulo
1452 771 1579 835 isto
1587 823 1605 857 ,
1668 792 1857 855 quem
1911 769 2035 834 tibi
2090 769 2233 832 reli-

205 881 403 943 quum
433 860 594 923 dicis
622 880 774 944 esse,
812 860 1118 943 quoniam
1147 860 1549 924 cantherium
1579 858 1932 943 comedisti,
1957 858 2235 921 Romam

201 948 485 1032 pervehi.
581 945 752 1011 Sella
803 948 928 1011 tibi
983 948 1106 1012 erit
1160 948 1227 1011 in
1286 949 1441 1012 ludo
1496 952 1825 1031 tamquam
1878 944 2233 1030 hypodida-

204 1037 374 1101 scalo
419 1037 746 1121 proxima3
793 1057 933 1100 eam
976 1036 1280 1120 pulvinus
1327 1040 1645 1121 sequetur.

127 1249 178 1289 ιο
1129 1227 1301 1293 XIX.

599 1348 714 1404 Sor.
753 1348 960 1404 Romae
986 1356 1114 1420 post
1149 1349 1236 1403 Id.
1277 1348 1422 1405 Sext.
1461 1368 1513 1404 a.
1555 1351 1666 1403 708
1707 1353 1844 1419 (46).

599 1470 856 1526 CICERO
904 1471 956 1527 s,
993 1471 1060 1527 D.
1110 1472 1193 1543 [L.
1231 1471 1552 1543 PAPnuo]
1588 1471 1845 1527 PAETO.

338 1613 585 1680 Tamen
630 1636 668 1677 a
711 1615 961 1678 malitia
1013 1636 1145 1679 non
1201 1614 1498 1701 discedis3
1552 1615 1879 1678 tenuiculo
1926 1616 2237 1699 apparatu
2277 1631 2305 1680 1

206 1703 533 1790 significas
570 1702 847 1765 Balbum
884 1703 1081 1767 fuisse
1119 1707 1509 1767 contentum.
1564 1701 1709 1766 Hoc
1735 1703 1972 1767 videris
2010 1703 2237 1786 dicere,

129 1811 179 1850 15
207 1813 356 1855 cum
410 1812 595 1876 reges
651 1794 787 1854 tam
840 1791 970 1854 sint
1026 1790 1428 1855 continentes
1436 1841 1453 1876 ‚
1507 1791 1716 1855 multo
1760 1791 1969 1876 magis
2014 1812 2238 1854 consu-

203 1880 360 1943 laris
407 1901 545 1944 esse
591 1882 904 1963 oportere.
994 1878 1221 1944 Nescis
1265 1901 1371 1944 me
1417 1879 1497 1942 ab
1544 1879 1658 1942 illo
1707 1879 1921 1942 omnia
1957 1879 2237 1962 expisca-

204 1972 376 2052 tum3
431 1969 605 2030 recta
650 1967 821 2031 enim
869 1990 908 2031 a
949 1971 1140 2051 porta
1185 1968 1447 2031 domum
1492 1988 1702 2030 meam
1747 1967 1793 2050 †
1837 1965 2085 2030 venisse
2131 1987 2237 2029 ne-

207 2077 332 2139 que
390 2055 516 2119 hoc
574 2055 883 2139 admiror,
944 2056 1117 2139 quod
1174 2077 1306 2120 non
1365 2077 1546 2119 suam
1589 2054 1833 2138 potius,
1893 2053 2005 2117 sed
2057 2053 2237 2136 illud,

210 2142 386 2226 quod
428 2164 562 2207 non
605 2143 688 2206 ad
731 2165 928 2207 suam.
1019 2142 1164 2228 Ego
1211 2148 1425 2208 autem
1470 2143 1681 2207 tribus
1724 2141 1951 2225 primis
1996 2141 2235 2205 verbis:

135 2251 184 2290 20
211 2230 408 2308 ‘Quid
441 2234 662 2294 noster
686 2230 921 2296 Paetus
937 2231 1001 2294 ’θ’
1047 2230 1138 2296 At
1174 2232 1283 2296 ille
1322 2232 1620 2295 adiurans
1655 2251 1973 2313 nusquam
2008 2251 2075 2293 se
2102 2251 2238 2293 um-

210 2341 407 2402 quam
450 2317 775 2383 libentius.
865 2318 1011 2384 Hoc
1056 2320 1110 2384 si
1155 2320 1371 2384 verbis
1418 2320 1753 2382 adsecutus
1800 2340 1866 2382 es
1875 2369 1892 2402 ‚
1938 2317 2111 2381 auris
2157 2318 2239 2381 ad
2275 2333 2309 2380 2

208 2412 274 2472 te
331 2407 617 2471 adferam
671 2429 803 2471 non
854 2408 1069 2471 minus
1124 2408 1463 2494 elegantis;
1524 2407 1624 2471 sin
1678 2410 1894 2470 autem
1948 2406 2238 2490 opsoni0,

206 2499 360 2579 peto
409 2518 446 2558 a
491 2498 583 2580 te,
637 2517 717 2558 ne
761 2495 968 2580 pluris
1014 2517 1149 2560 esse
1196 2496 1423 2560 balbos
1470 2517 1663 2579 quam
1717 2495 1988 2559 disertos
2032 2498 2237 2578 putes.

208 2583 315 2648 Me
353 2582 590 2647 cotidie
627 2583 802 2647 aliud
839 2605 916 2648 ex
955 2584 1082 2648 alio
1129 2584 1426 2669 impedit3
1474 2584 1601 2668 sed,
1648 2583 1703 2648 si
1737 2605 1841 2646 me
1880 2582 2239 2666 expediere,

133 2689 184 2729 2⁵
209 2676 283 2736 ut
327 2672 399 2735 in
445 2672 571 2735 ista
623 2671 765 2736 loca
809 2671 1028 2736 venire
1080 2673 1349 2757 possim,
1403 2693 1535 2735 non
1583 2671 2009 2754 committam)
2055 2673 2129 2733 ut
2174 2673 2241 2732 te

209 2781 352 2824 sero
399 2782 439 2824 a
479 2781 588 2824 me
632 2760 972 2824 certiorem
1015 2759 1257 2824 factum
1305 2764 1511 2844 putes.

1159 2953 1301 3018 XX.

642 3071 757 3128 Ser.
795 3073 1003 3128 Romae
1037 3076 1114 3128 in.
1153 3093 1221 3128 m.
1263 3073 1408 3129 Sext.
1448 3092 1485 3129 a
1524 3077 1635 3129 708
1675 3075 1815 3141 (46).

951 3195 1206 3252 CICERO
1244 3196 1502 3251 PAETO.

132 3340 183 3380 so
341 3319 710 3405 Dupliciter
755 3321 1104 3386 delectatus
1141 3344 1284 3385 sum
1322 3321 1451 3385 tuis
1487 3319 1741 3404 litteris,
1790 3323 1855 3384 et
1892 3317 2066 3402 quod
2102 3315 2241 3401 ipse
2282 3335 2309 3381 1

209 3409 323 3473 risi
371 3414 438 3474 et
484 3409 658 3493 quod
711 3414 776 3473 te
829 3409 1121 3473 intellexi
1165 3411 1296 3475 iam
1350 3429 1536 3493 posse
1582 3408 1817 3493 ridere3
1870 3428 1975 3471 me
2023 3409 2240 3469 autem

210 3520 247 3560 a
288 3501 356 3562 te
401 3501 476 3562 ut
521 3519 807 3562 scurram
843 3498 1104 3562 velitem
1149 3499 1336 3562 malis
1385 3499 1719 3561 oneratum
1758 3517 1893 3561 esse
1930 3515 2061 3559 non
2105 3515 2242 3558 mo-
