2567 3884
950 194 1168 247 LIBER
1204 194 1256 247 X
1295 199 1449 250 5-7,
2095 193 2225 257 265

191 338 406 402 dentia
463 337 588 402 tibi
647 341 906 421 praesto
963 342 1128 401 esset
1183 339 1432 423 futura,
1492 338 1724 402 vellem
1778 342 1995 402 tamen
2047 358 2225 402 meae

191 448 445 511 quoque
492 426 898 491 auctoritatis
944 448 1063 510 pro
1117 427 1417 510 plurimis
1463 426 1701 490 nostris
1746 425 2226 490 necessitudini-

190 516 310 578 bus
355 518 769 599 praeceptum
807 515 889 577 ad
925 518 990 578 te
1029 514 1293 599 aliquod
1337 515 1688 597 pervenire.
1782 513 1983 579 Crede
2023 514 2227 600 igitur

189 602 370 687 mihi,
413 601 666 686 Plance,
716 603 942 687 omniS,
990 624 1151 688 quos
1188 602 1397 666 adhuc
1433 603 1670 689 gradus
1708 602 2043 688 dignitatis
2080 624 2226 666 con-

133 710 162 751 5
190 694 444 755 secutus
491 692 576 755 sis
626 689 722 776 (es
769 695 985 755 autem
1032 692 1301 775 adeptus
1347 690 1825 778 amplissimos),
1872 712 1982 755 eos
2023 690 2225 754 hono-

189 800 333 843 rum
379 779 693 843 vocabula
736 778 1103 864 habituros,
1157 801 1290 842 non
1347 779 1682 865 dignitatis
1735 779 2043 865 insignia,
2098 778 2225 842 nisi

187 871 252 931 te
300 888 445 931 cum
491 867 790 931 libertate
836 868 1062 951 populi
1107 866 1183 931 R.
1232 872 1297 931 et
1345 889 1491 931 cum
1538 870 1794 931 senatus
1841 867 2223 931 auctoritate

188 956 613 1019 coniunxeris
681 953 960 1041 Seiunge
997 959 1079 1040 te,
1127 977 1383 1040 quaeso,
1429 956 1774 1041 aliquando
1812 956 1893 1018 ab
1932 956 2030 1039 iis,
2077 976 2223 1018 cum

188 1043 426 1127 quibus
479 1047 545 1107 te
602 1065 734 1107 non
788 1046 974 1107 tuum
1029 1044 1364 1128 iudicium,
1426 1044 1537 1107 sed
1590 1048 1956 1127 temporum
2010 1043 2223 1107 vincla

101 1154 158 1193 1ο
189 1132 675 1195 coniunxerunt.
769 1129 1147 1215 Complures
1192 1133 1261 1196 in
1306 1132 1791 1215 perturbatione
1838 1132 1932 1196 rei
1976 1156 2036 1216 p.
2077 1153 2221 1195 con·
2258 1144 2292 1193 3

189 1220 358 1283 sules
406 1220 586 1303 dicti,
635 1241 912 1303 (1110111111
956 1242 1145 1284 1161110
1195 1220 1547 1284 601161116116
1592 1221 1881 1304 habitus,
1937 1220 2063 1283 nisi
2110 1220 2221 1303 qui

187 1308 405 1372 animo
451 1308 668 1372 extitit
712 1308 782 1371 in
819 1330 956 1371 rem
991 1332 1052 1392 p.
1091 1308 1427 1372 consulari.
1487 1308 1709 1373 Talem
1746 1272 1948 1395 igit'ur
1983 1312 2047 1372 te
2086 1330 2221 1371 esse

190 1399 462 1480 oportet,
511 1396 623 1479 qui
667 1396 951 1481 primum
998 1400 1062 1459 te
1108 1397 1188 1460 ab
1236 1397 1587 1479 impiorum
1632 1397 1869 1461 civium
1906 1396 2005 1460 tui
2044 1396 2223 1460 dissi-

187 1484 610 1548 millimorum
665 1485 970 1548 societate
1025 1485 1349 1570 seiungaS,
1410 1485 1637 1549 deinde
1690 1489 1756 1548 te
1815 1485 2066 1549 senatui
2110 1485 2222 1547 bo-

100 1592 157 1633 15
187 1573 418 1657 nisque
465 1572 764 1636 omnibus
812 1576 1156 1659 auctorem,
1202 1572 1578 1657 principem,
1626 1574 1851 1637 ducem
1896 1573 2221 1658 praebeas„

185 1664 516 1744 postremo
571 1664 644 1724 ut
698 1682 920 1744 pacem
968 1682 1103 1725 esse
1149 1662 1391 1725 iudices
1435 1683 1567 1724 non
1612 1662 1681 1724 in
1733 1662 1927 1724 armis
1972 1661 2221 1762 positiS,

187 1748 303 1813 sed
354 1749 424 1811 in
481 1749 732 1813 abiecto
789 1770 1115 1813 armorum
1160 1752 1227 1813 et
1283 1750 1613 1813 servitutis
1656 1754 1851 1813 metU.
1942 1748 2118 1813 Haec
2166 1750 2222 1812 si

187 1841 254 1900 et
300 1859 451 1923 ages
497 1840 562 1901 et
609 1836 871 1921 senties,
917 1840 1058 1901 tum
1104 1837 1232 1901 eris
1275 1859 1409 1901 non
1454 1838 1647 1901 modo
1696 1837 1920 1902 consul
1965 1842 2029 1901 et
2074 1858 2222 1901 con—

187 1925 447 2010 sulariS,
511 1925 623 1990 sed
684 1947 956 2011 magnus
1016 1926 1211 1989 etiam
1272 1926 1497 1989 consul
1554 1928 1616 1989 et
1677 1925 2055 2010 consularis3
2120 1925 2222 1988 sin

96 2036 157 2075 20
187 2014 402 2098 aliter,
466 2016 607 2077 tum
666 2014 736 2077 in
794 2014 936 2077 istis
999 2014 1413 2097 amplissimis
1470 2014 1843 2077 nominibus
1898 2013 2221 2077 honorum

185 2125 320 2166 non
373 2102 567 2166 modo
626 2102 906 2187 dignitas
959 2102 1139 2165 nulla
1183 2102 1333 2185 erit,
1390 2102 1502 2165 sed
1548 2102 1671 2165 erit
1718 2124 1968 2165 summa
2015 2102 2222 2165 defor-

185 2190 396 2254 mitas,
487 2188 666 2253 Haec
701 2190 1016 2273 impulsus
1062 2190 1511 2254 benevolentia
1547 2190 1774 2273 scripsi
1819 2190 2013 2273 paulo
2052 2210 2223 2253 seve-

189 2278 354 2362 rius3
401 2299 562 2360 quae
606 2281 681 2340 tu
725 2279 794 2341 in
839 2278 1226 2361 experiendo
1274 2300 1349 2341 ea
1394 2278 1662 2362 ratione,
1709 2300 1869 2363 quae
1917 2282 1980 2341 te
2028 2278 2225 2365 digna

188 2368 306 2450 est,
351 2387 502 2429 vera
548 2386 682 2429 esse
730 2387 1091 2452 cognosces,
1183 2366 1260 2429 D.
1308 2384 1437 2429 XIII
1482 2366 1561 2430 K.
1607 2365 1763 2451 Apr.

97 2614 156 2656 25
1129 2594 1274 2661 VII.

333 2732 447 2788 Ser.
486 2734 551 2787 in
591 2732 782 2788 Gallia
825 2734 1210 2859 Transalpgrss
1241 2736 1417 2873 Ῑὲἑιῶῖο
1454 2742 1583 2803 post
1619 2736 1753 2791 med.
1793 2752 1861 2790 m.
1902 2734 2079 2789 Mart.

1012 2824 1062 2859 a.
1379 2848 1391 2859 .

838 2926 1166 2982 PLANCUS
1219 2926 1574 2983 CICERONI.

318 3071 517 3135 Plura
560 3073 687 3137 tibi
735 3072 811 3136 de
856 3072 1017 3136 meis
1065 3071 1351 3135 consiliis
1398 3073 1744 3136 scriberem
1783 3072 2225 3171 rationemque
2267 3089 2295 3136 1

89 3178 155 3219 30
187 3161 479 3223 omnium
535 3183 752 3225 rerum
805 3160 1140 3224 redderem
1195 3160 1531 3224 verbosius
1540 3212 1558 3245 ,
1620 3182 1747 3243 quo
1802 3160 2009 3245 magis
2064 3160 2227 3222 iudi-

186 3270 364 3312 cares
413 3249 627 3313 omnia
672 3272 776 3313 me
824 3248 918 3312 161
961 3272 1022 3332 p.
1069 3248 1483 3333 praestitisse,
1532 3270 1693 3333 quae
1731 3251 1795 3311 et
1840 3252 1953 3311 tua
2000 3242 2227 3311 exhor-

182 3337 432 3401 tatione
493 3338 716 3423 excepi
776 3341 841 3401 et
899 3358 1042 3399 mea
1101 3336 1548 3400 adfirmatione
1608 3336 1732 3399 tibi
1793 3336 2003 3419 recepi
2065 3333 2227 3422 (non

181 3425 400 3489 minus
466 3426 638 3489 enim
694 3448 732 3489 a
784 3428 850 3489 te
909 3425 1173 3508 probari
1235 3446 1428 3507 quam
1489 3424 1674 3510 diligi
1734 3445 1984 3509 semper
2047 3426 2224 3489 volui

179 3536 302 3579 nec
347 3518 412 3578 te
459 3514 667 3599 magis
722 3514 790 3576 in
847 3513 1036 3597 culpa
1091 3513 1491 3577 defensorem
1544 3514 1708 3577 mihi
1762 3514 1984 3599 paravi
2032 3536 2225 3598 quam
