2567 3884
877 177 1094 272 151BER
1130 178 1237 232 ΧΠ
1275 183 1505 232 28—30.
1878 259 1885 266 ·
2102 179 2233 244 363

191 323 310 404 est,
357 320 486 404 sed,
535 319 708 403 quod
753 324 891 383 erat
935 324 1120 384 vetus
1157 324 1222 384 et
1256 342 1549 407 magnus,
1594 324 1937 404 propterea
1980 322 2233 385 nullum

190 408 555 492 periculum
599 429 718 492 pro
755 430 858 471 me
897 407 1072 472 adire
1109 408 1448 473 dubitavit.
1539 407 1647 472 Ad
1685 409 1843 472 haec
1880 410 2095 473 officia
2130 410 2234 473 vel

189 497 428 560 merita
461 496 681 580 potius
717 496 1176 560 iucundissima
1203 497 1597 561 consuetudo
1636 497 1895 582 accedit,
1941 501 2015 560 ut
2050 497 2232 566 nullo

191 605 461 668 prorsus
513 585 660 668 plus
713 584 975 648 homine
1032 585 1323 649 delecter.
1413 584 1567 650 Non
1624 589 1786 669 puto
1840 588 1906 649 te
1951 585 2082 649 iam
2128 606 2235 648 ex-

135 691 164 730 5
193 677 513 756 spectare,
573 671 808 755 quibus
864 693 1011 736 eum
1064 672 1189 736 tibi
1242 672 1458 737 verbis
1513 672 1980 758 commendem3
2044 693 2235 736 causa

193 761 373 826 enim
417 760 586 825 tanti
631 760 869 824 amoris
914 760 1240 846 intellegis
1286 783 1449 844 quae
1494 760 1692 825 verba
1739 760 2069 825 desideret.
2143 758 2234 823 Iis

191 871 299 913 me
359 847 661 912 omnibus
719 869 908 911 usum
964 851 1211 932 putato.
1303 849 1583 913 Tantum
1638 848 1833 912 velim
1887 848 2234 933 existimes,

193 937 252 1000 si
313 936 579 1022 negotia
640 935 932 1019 Lamiae,
994 940 1477 1020 procuratores,
1539 936 1839 1021 libertos,
1902 936 2235 1020 familiam,

192 1024 712 1108 quibuscumque
748 1024 940 1087 rebus
978 1045 1140 1108 opus
1177 1025 1318 1108 erit,
1368 1024 1743 1109 defenderis,
1786 1025 2034 1110 gratius
2069 1024 2235 1087 mihi

108 1134 163 1172 ιο
191 1113 509 1196 futurum,
556 1133 750 1195 quam
787 1112 843 1174 si
880 1133 954 1176 ea
989 1115 1102 1176 tua
1136 1112 1493 1176 liberalitas
1526 1113 1944 1196 pertinuisset
1980 1112 2062 1176 ad
2097 1134 2235 1176 rem

191 1200 585 1264 familiarem
630 1221 868 1284 meam3
912 1221 1031 1264 nec
1067 1200 1314 1285 dubito,
1360 1201 1519 1284 quin
1556 1201 1692 1264 sine
1728 1222 1872 1265 mea
1917 1222 2236 1265 commen-

193 1289 490 1372 datione,
555 1287 729 1371 quod
779 1292 967 1351 tuum
1013 1291 1112 1351 est
1152 1288 1466 1352 iudicium
1512 1288 1591 1353 de
1636 1289 2057 1374 hominibus,
2086 1289 2237 1372 ipsi-

189 1399 273 1441 us
317 1375 581 1440 Lamiae
632 1397 822 1438 causa
866 1375 1151 1440 studiose
1203 1377 1421 1440 omnia
1468 1377 1754 1442 facturus
1806 1377 1910 1442 siS.
2004 1375 2237 1453 Quam-

193 1486 395 1548 quam
439 1467 578 1527 erat
622 1463 812 1527 nobis
851 1463 1094 1527 dictum
1129 1467 1196 1527 te
1233 1465 1602 1528 existimare
1639 1466 1833 1529 alicui
1870 1487 1916 1528 a.
1947 1486 2015 1550 c.,
2064 1465 2239 1548 quod

111 1572 166 1611 15
195 1556 426 1617 contra
481 1551 863 1637 dignitatem
916 1555 1096 1615 tuam
1140 1553 1352 1636 fieret,
1410 1553 1748 1618 scribendo
1792 1552 2086 1617 Lamiam
2132 1553 2239 1616 ad-

193 1641 424 1725 fuisse3
480 1639 594 1723 qui
649 1639 911 1704 omnino
968 1640 1339 1704 consulibus
1392 1640 1524 1704 illis
1576 1663 1930 1725 numquam
1983 1641 2111 1705 fuit
2157 1641 2239 1704 ad

193 1728 638 1812 scribendum3
695 1727 920 1791 deinde
975 1728 1192 1791 omnia
1244 1732 1387 1792 tum
1432 1729 1593 1792 falsa
1638 1733 1897 1793 senatus
1944 1729 2238 1793 consulta

195 1816 670 1881 deferebantur.
759 1814 907 1880 Nisi
963 1815 1132 1879 forte
1178 1816 1375 1880 etiam
1429 1816 1528 1880 illi
1576 1814 2042 1900 Semproniano
2090 1829 2141 1880 εξ
2185 1838 2235 1880 c.

191 1926 303 1970 me
342 1925 560 1968 censes
605 1903 900 1986 adfuisse,
948 1904 1060 1987 qui
1104 1926 1185 1967 ne
1226 1903 1473 1968 Romae
1510 1905 1771 1987 quidem
1817 1905 1931 1988 fui,
1976 1909 2050 1968 ut
2094 1908 2237 1968 tum

7 2025 12 2030 ·
113 2013 166 2053 20
197 1994 278 2057 de
325 2014 403 2057 eo
449 1991 532 2056 ad
577 1995 640 2056 te
687 1991 914 2074 scripsi
951 2013 1019 2055 re
1057 1992 1315 2056 recenti.
1382 1989 1510 2054 Sed
1544 1992 1703 2056 haec
1737 1993 2062 2056 hactenus.
2128 1991 2237 2076 Te,

193 2081 292 2145 mi
330 2079 655 2164 Cornifici,
693 2079 888 2143 etiam
925 2083 1118 2162 atque
1155 2079 1352 2144 etiam
1388 2101 1569 2166 rog0,
1614 2084 1687 2145 ut
1725 2081 1942 2144 omnia
1975 2080 2237 2144 Lamiae

195 2168 465 2255 negotia
520 2189 665 2230 mea
721 2171 910 2251 putes
969 2189 1106 2232 esse
1160 2189 1495 2252 curesque,
1556 2172 1631 2232 ut
1683 2169 1905 2233 intelle
1990 2169 2239 2233 t·hanc

197 2256 824 2321 commendationem
878 2255 1162 2319 maximo
1209 2255 1337 2319 sibi
1387 2256 1534 2320 usui
1578 2256 1793 2321 fuisse.
1952 2279 2030 2322 oc
2073 2257 2237 2321 mihi

195 2345 451 2432 gratius
494 2344 704 2408 facere
748 2343 917 2406 nihil
959 2347 1160 2427 potes.
1254 2341 1442 2429 Cura,
1488 2349 1562 2408 ut
1606 2345 1834 2410 valeas.

117 2522 169 2562 25
1117 2501 1319 2566 XXX.

452 2621 567 2678 Ser.
606 2622 814 2677 Romae
843 2622 1019 2690 paulo
1047 2627 1175 2690 post
1219 2621 1274 2676 V
1305 2623 1395 2677 Id.
1431 2618 1562 2678 Iwn.
1609 2640 1664 2679 α.
1712 2627 1818 2679 711
1858 2627 1996 2693 (43).

775 2744 1067 2799 CICERO
1104 2743 1577 2802 CORNIFICIO
1613 2745 1668 2802 S.

331 2869 562 2934 Itane?
623 2874 879 2954 praeter
930 2871 1295 2956 litigatores
1348 2893 1538 2936 nemo
1594 2871 1677 2934 ad
1728 2875 1793 2935 te
1846 2891 2021 2934 meas
2066 2870 2237 2933 litte-

197 2959 348 3023 ras?
394 2957 642 3022 Multae
686 2958 847 3022 istae
885 2959 1170 3044 quidem3
1216 2962 1291 3023 tu
1330 2960 1501 3022 enim
1546 2958 1890 3042 perfecisti,
1936 2961 2009 3022 ut
2044 2979 2236 3022 nemo

120 3066 172 3107 30
198 3048 340 3111 sine
394 3046 632 3111 litteris
685 3047 864 3122 meis
900 3047 1024 3110 tibi
1081 3068 1148 3110 se
1207 3047 1725 3111 commendatum
1782 3049 2068 3131 putaret3
2127 3046 2240 3109 sed

199 3135 347 3219 quis
393 3156 702 3218 umquam
746 3139 1009 3198 tuorum
1043 3135 1209 3198 mihi
1247 3135 1411 3198 dixit
1458 3155 1611 3218 esse,
1657 3133 1760 3198 cui
1799 3133 2034 3218 darem,
2080 3134 2239 3216 quin

198 3222 531 3288 dederim?
594 3226 707 3286 aut
767 3223 924 3306 quid
981 3222 1074 3284 mi
1131 3223 1473 3287 iucundius
1533 3243 1757 3306 quam,
1817 3243 1964 3286 cum
2023 3242 2240 3286 coram

195 3315 416 3376 tecum
460 3310 642 3393 loqui
695 3332 828 3375 non
881 3310 1153 3395 possim,
1207 3315 1321 3375 aut
1376 3310 1655 3374 scribere
1700 3309 1782 3372 ad
1825 3313 1891 3374 te
1937 3313 2049 3374 aut
2094 3314 2240 3374 tuas

196 3399 416 3485 legere
459 3398 709 3463 litteras
724 3399 758 3462 P
802 3396 977 3463 Illud
1020 3398 1229 3483 magis
1273 3399 1439 3463 mihi
1485 3399 1649 3462 solet
1694 3419 1830 3462 esse
1874 3399 2238 3482 molestum,

123 3487 403 3552 astantis
447 3508 552 3551 me
597 3486 898 3570 impediri
946 3487 1505 3572 occupationibus,
1560 3491 1633 3552 ut
1678 3486 1760 3551 ad
1804 3490 1869 3550 te
1917 3487 2239 3552 scribendi

2278 2889 2304 2936 1
