2567 3884
563 1063 676 1147 M.
745 1061 1200 1145 TULLI
1271 1058 2098 1145 CICERONIS

981 1222 1663 1296 EPISTULARUM

741 1377 871 1442 AD
929 1376 1387 1455 QUINTUM
1438 1375 1912 1442 FRATREM

1087 1524 1308 1583 LIBRI
1354 1524 1570 1582 TRES.

1005 1814 1273 1868 LIBER
1309 1813 1663 1869 PRIMUS.
2404 1836 2429 1875 5

1304 1975 1352 2040 I.

545 2097 658 2153 Ser.
698 2076 906 2153 Romae
942 2115 1024 2153 eoe.
1062 2116 1114 2152 a.
1154 2102 1262 2152 694
1305 2102 1425 2165 (60)
1466 2103 1566 2151 aut
1600 2098 1677 2151 in.
1717 2116 1768 2152 a.
1809 2098 1920 2151 695
1958 2098 2098 2164 (59).

825 2219 1118 2274 MARCUS
1156 2218 1431 2284 QUINTO
1467 2218 1737 2272 FRATRI
1774 2218 1827 2274 S.

244 2325 277 2387 l
444 2343 589 2407 Etsi
647 2366 778 2408 non
839 2345 1214 2409 dubitabam
1227 2396 1246 2428 ‚
1308 2344 1466 2428 quin
1520 2345 1688 2409 hanc
1746 2344 2087 2429 epistolam
2148 2345 2345 2409 multi

245 2417 270 2462 ¹
310 2432 549 2515 nuntii,
604 2432 776 2496 fama
831 2432 1103 2517 denique
1158 2436 1325 2497 esset
1369 2433 1509 2517 ipsa
1554 2454 1669 2497 sua
1713 2432 2037 2496 celeritate
2084 2454 2344 2517 supera-
2378 2453 2427 2491 ιο

311 2524 481 2605 tura,
537 2524 735 2603 tuque
791 2524 937 2584 ante
993 2522 1073 2585 ab
1131 2522 1273 2584 aliis
1328 2521 1664 2589 auditurus
1718 2542 1885 2585 esses
1930 2542 2174 2584 annum
2220 2525 2346 2585 ter-

308 2610 476 2673 tium
530 2608 864 2672 accessisse
911 2608 1225 2673 desiderio
1280 2613 1503 2673 nostro
1550 2612 1615 2673 et
1666 2609 1876 2672 labori
1921 2612 2063 2692 tu0‚
2124 2612 2346 2673 tamen

309 2696 674 2761 existimavi
719 2719 757 2760 a
800 2718 904 2760 me
951 2718 1206 2781 quoque
1249 2697 1377 2760 tibi
1420 2697 1612 2761 huius
1661 2696 1991 2761 molestiae
2037 2698 2347 2761 nuntium

309 2786 581 2869 perferri
619 2788 930 2868 oportere.
1012 2785 1183 2849 Nam
1226 2785 1665 2868 superioribus
1717 2784 1954 2848 litteris
1997 2804 2131 2848 non
2178 2786 2346 2870 unis,

311 2874 421 2937 sed
478 2873 799 2957 pluribus,
865 2894 1010 2937 cum
1069 2874 1198 2936 iam
1258 2873 1339 2936 ab
1400 2873 1544 2937 aliis
1604 2874 1937 2956 desperata
1994 2893 2097 2936 res
2157 2877 2346 2957 esset,
2378 2891 2427 2930 15

309 2965 526 3025 tamen
588 2960 712 3024 tibi
777 2982 896 3047 ego
959 2982 1136 3044 spem
1189 2964 1479 3024 maturae
1526 2961 1909 3025 decessionis
1955 2960 2347 3045 adferebam,

309 3071 440 3113 non
499 3049 707 3112 solum
769 3052 842 3112 ut
901 3072 1093 3132 quam
1159 3048 1516 3112 diutissime
1575 3052 1640 3113 te
1699 3048 1977 3113 iucunda
2035 3048 2346 3131 opinione

311 3137 716 3221 oblectarem,
763 3136 872 3201 sed
910 3138 1104 3201 etiam
1143 3137 1295 3220 quia
1339 3140 1519 3200 tanta
1564 3136 1992 3201 adhibebatur
2036 3139 2101 3199 et
2148 3159 2187 3199 a
2231 3158 2347 3202 no-

309 3225 411 3289 bis
467 3229 530 3288 et
585 3248 623 3288 a
675 3226 1081 3307 praetoribus
1138 3225 1490 3309 contentiO,
1552 3228 1623 3287 ut
1679 3247 1815 3288 rem
1868 3244 2055 3309 posse
2112 3226 2345 3289 confici

237 3330 269 3376 2
308 3334 439 3377 non
487 3312 860 3377 diffiderem.
949 3311 1167 3397 Nunc,
1214 3275 1520 3395 quoniam
1565 3312 1657 3376 ita
1702 3311 1959 3397 accidit,
2013 3315 2087 3376 ut
2132 3334 2345 3397 neque
2373 3332 2424 3371 20

308 3404 635 3483 praetores
689 3401 821 3464 suis
878 3401 1109 3484 opibus
1168 3422 1376 3484 neque
1435 3422 1553 3464 nos
1612 3406 1835 3465 nostro
1897 3400 2111 3465 studio
2168 3402 2347 3485 quic-

310 3507 502 3569 quam
547 3489 855 3571 proficere
901 3510 1249 3572 possemus,
1297 3493 1393 3552 est
1430 3488 1693 3553 omnino
1733 3489 1994 3554 difficile
2031 3510 2163 3553 non
2200 3512 2349 3577 gra-
