2567 3884
618 222 718 275 AD
758 220 998 287 QUINT.
1037 222 1295 277 FRATR.
1333 224 1550 277 LIBER
1585 225 1638 277 H
1674 230 1864 279 8—10.
2106 225 2237 289 533

215 370 508 431 senatum
553 366 1023 450 infrequentem
1061 366 1389 451 coegisset,
1434 370 1688 430 tantum
1725 367 1850 430 fuit
1895 368 2119 453 frigus,
2165 373 2238 431 ut

212 454 438 537 populi
477 455 764 518 convicio
803 458 1059 518 coactus
1106 455 1189 517 sit
1233 476 1353 517 nos
1400 454 1737 519 dimittere.
1802 455 1900 519 De
1948 454 2238 519 Comma-
2274 472 2307 518 2

213 564 410 628 gen0,
471 542 644 626 quod
697 564 833 605 rem
886 546 1090 606 totam
1139 542 1580 627 discusseram,
1640 542 1909 607 mirifice
1963 544 2126 607 mihi
2172 548 2236 607 et

213 652 332 714 per
369 652 434 693 se
471 634 536 693 et
569 652 686 713 per
711 629 1140 713 Pomponium
1176 630 1507 694 blanditur
1532 629 1808 715 Appius3
1845 631 2019 696 videt
2048 632 2237 715 enim,

160 736 186 775 5
215 718 342 781 hoc
386 740 618 804 genere
665 718 915 782 dicendi
961 718 1016 781 si
1061 722 1208 781 utar
1251 719 1321 781 in
1368 719 1610 802 ceteris,
1656 718 2080 783 Februarium
2117 724 2237 783 ste-

215 806 404 869 rilem
448 807 754 871 futurum.
827 806 1122 889 Eumque
1166 807 1293 871 lusi
1336 807 1548 871 iocose
1594 807 1749 870 satis
1784 829 1991 891 neque
2028 808 2236 871 solum

215 894 381 957 illud
443 895 683 958 extorsi
747 894 1155 978 oppidulum,
1220 895 1394 978 quod
1451 899 1587 958 erat
1644 895 1929 978 positum
1986 896 2055 959 in
2109 895 2238 959 Eu-

214 982 434 1065 phrati
478 982 852 1068 Zeugmate,
899 982 1010 1046 sed
1052 986 1382 1065 praeterea
1426 985 1645 1069 togam
1692 1005 1834 1047 sum
1880 984 2015 1047 eius
2060 1006 2237 1067 prae-

216 1074 486 1153 textam,
553 1092 744 1153 quam
804 1074 938 1133 erat
1001 1070 1268 1153 adeptus
1328 1069 1592 1134 Caesare
1652 1071 1936 1155 consule,
1999 1093 2236 1157 magno

131 1178 188 1216 10
216 1158 554 1221 hominum
601 1158 735 1221 risu
773 1158 1120 1222 cavillatus,
1207 1158 1451 1234 ‘Quod
1495 1159 1717 1243 volt',
1763 1160 2045 1244 inquam,
2094 1160 2236 1223 ‘re-
2274 1178 2305 1224 3

215 1246 486 1309 novari
530 1246 856 1310 honores
896 1247 1220 1329 eosdem,
1267 1269 1413 1330 quo
1450 1247 1698 1310 minus
1734 1251 1989 1333 togam
2026 1269 2239 1331 prae-

217 1338 506 1398 textam
555 1334 969 1417 quotannis
1027 1334 1476 1419 interpolet,
1524 1335 2076 1399 decernendum
2128 1336 2241 1398 ni-

215 1422 330 1485 hil
405 1444 731 1505 001180ος
804 1444 934 1485 vos
999 1426 1246 1485 autem
1309 1423 1655 1487 homines
1717 1424 2049 1507 nobileS,
2111 1424 2239 1507 qui

216 1510 673 1573 Bostrenum
730 1512 1297 1593 praetextatum
1360 1532 1508 1575 non
1567 1511 1964 1596 ferebatiS,
2032 1510 2242 1575 Gom-

135 1617 189 1656 15
217 1620 613 1685 magenum
667 1598 1014 1661 feretis?'
1091 1596 1305 1661 Genus
1363 1598 1541 1662 vides
1596 1603 1659 1662 et
1701 1600 1916 1663 locum
1970 1600 2239 1663 iocandi.

217 1686 426 1750 Multa
481 1686 614 1749 dixi
666 1686 735 1749 in
789 1685 1144 1770 ignobilem
1188 1708 1431 1771 regem,
1480 1687 1713 1769 quibus
1765 1691 1942 1751 totus
1996 1692 2092 1752 est
2138 1710 2243 1752 ex-

215 1774 454 1857 plosus.
529 1772 670 1849 Quo
716 1795 948 1859 genere
995 1777 1370 1857 commotus,
1416 1777 1489 1836 ut
1536 1774 1687 1858 dixi,
1731 1774 1983 1858 Appius
2029 1779 2242 1839 totum

216 1884 322 1925 me
368 1862 792 1946 amplexatur3
847 1861 1012 1924 nihil
1057 1865 1153 1923 est
1209 1861 1380 1924 enim
1434 1861 1685 1925 facilius
1739 1884 1931 1945 quam
1995 1864 2243 1946 reliqua

219 1950 551 2014 discutere.
644 1947 770 2014 Sed
812 1971 944 2013 non
989 1950 1248 2033 faciam,
1297 1953 1369 2013 ut
1413 1950 1598 2012 illum
1646 1950 1993 2034 offendam,

137 2110 190 2148 20
1326 2112 1413 2153 ne
1460 2090 1824 2172 imploret
1870 2090 2101 2154 fidem

306 2174 516 2240 Iovis
559 2174 1023 2261 Hospitalis,
1081 2176 1353 2241 Graios
1409 2199 1661 2241 omnes
1718 2180 2110 2263 convocet,

217 2320 334 2383 per
379 2320 542 2382 quos
586 2322 838 2364 mecum
883 2301 952 2364 in
996 2300 1272 2387 gratiam
1320 2299 1527 2364 rediit.

353 2386 769 2472 Tbeopompo
808 2390 962 2451 satis
1007 2389 1328 2452 faciemus.
1402 2388 1500 2452 De
1539 2387 1805 2453 Caesare
1850 2391 2107 2475 fugerat
2140 2412 2243 2453 me
2280 2408 2316 2455 4

219 2475 302 2538 ad
345 2479 412 2539 te
456 2476 757 2562 scribere3
812 2477 998 2540 video
1047 2477 1246 2558 enim,
1301 2498 1458 2559 quas
1511 2480 1585 2540 tu
1629 2477 1879 2541 litteras
1925 2482 2245 2561 exspecta—

135 2582 188 2622 25
217 2564 324 2626 riS.
410 2561 537 2627 Sed
579 2563 690 2628 ille
735 2565 991 2647 scripsit
1037 2564 1118 2627 ad
1151 2564 1429 2628 Balbum
1475 2565 1849 2629 fasciculum
1894 2565 2079 2629 illum
2116 2568 2246 2649 epi-

219 2652 549 2735 stolarum,
594 2652 663 2715 in
700 2674 828 2735 quo
875 2654 1083 2716 fuerat
1127 2674 1272 2716 mea
1308 2656 1371 2715 et
1408 2651 1614 2735 Balbi,
1660 2657 1872 2717 totum
1919 2653 2044 2716 sibi
2082 2675 2247 2736 aqua

216 2739 547 2802 madidum
583 2740 904 2805 redditum
931 2762 1084 2824 esse,
1121 2744 1194 2803 ut
1231 2762 1311 2803 ne
1348 2740 1512 2803 illud
1538 2740 1797 2824 quidem
1825 2740 2001 2824 sciat,
2036 2762 2263 2803 meam·

217 2827 416 2891 fuisse
463 2827 754 2910 aliquam,
781 2829 1135 2911 epistolam.
1229 2827 1355 2892 Sed
1391 2849 1469 2891 ex
1504 2827 1694 2891 Balbi
1722 2828 2003 2914 ¹epistola
2042 2850 2245 2910 pauca

215 2915 416 2979 verba
466 2916 894 2999 intellexerat,
949 2917 1030 2979 ad
1076 2938 1238 2999 quae
1283 2916 1609 2998 rescripsit
1652 2916 1755 2979 his
1800 2914 2039 2979 verbis:
2106 2916 2243 2980 ‘De

134 3003 589 3067 aoCicerone
660 3007 732 3067 te
796 3004 1019 3068 video
1094 3003 1456 3087 quiddam
1530 3003 1969 3088 scripsisse,
2043 3004 2244 3085 quod

219 3111 358 3177 ego
413 3114 566 3155 non
621 3092 1016 3177 intellexi3
1077 3096 1441 3175 quantum
1496 3094 1745 3155 autem
1800 3092 2247 3155 coniectura

218 3180 770 3263 consequebar,
829 3179 907 3242 id
965 3184 1127 3243 erat
1183 3180 1345 3244 eius
1399 3178 1629 3262 modi,
1688 3182 1771 3242 ut
1828 3179 2071 3265 magis
2118 3200 2247 3262 op-

215 3268 527 3331 tandum
564 3290 780 3350 quam
825 3268 1281 3350 sperandum
1327 3268 1714 3351 putarem.'
1759 3264 1986 3350 Itaque
2023 3270 2246 3350 postea
2283 3282 2314 3331 5

215 3355 369 3419 misi
412 3355 494 3417 ad
530 3354 863 3419 Gaesarem
899 3356 1122 3419 eodem
1167 3355 1280 3419 illo
1329 3355 1621 3439 exemplo
1666 3354 1934 3418 litteras
2023 3351 2245 3419 Iocum

131 3462 188 3503 35
217 3446 434 3507 autem
497 3442 671 3507 illius
727 3443 804 3506 de
863 3464 976 3506 sua
1031 3446 1313 3529 egestate
1371 3466 1453 3507 ne
1512 3444 1600 3507 sis
1660 3446 2049 3527 aspernatus
2140 3441 2245 3505 Ad

217 3552 410 3615 quem
438 3552 558 3616 ego
587 3530 881 3614 rescripsi
908 3530 1073 3595 nihil
1101 3553 1254 3617 esse,
1283 3532 1457 3616 quod
1481 3532 1751 3616 posthac
1779 3553 1961 3596 arcae
1988 3535 2243 3595 nostrae
