2567 3884
381 173 512 237 268
1083 170 1599 225 EPISTULARUM

381 317 753 401 paratiores,
797 337 931 379 non
976 316 1184 379 solum
1231 316 1395 378 bene
1442 336 1696 397 sperare
1742 314 1820 377 de
1864 314 2053 378 nobis
2098 314 2440 399 homineS,

385 406 496 469 sed
533 405 861 488 explorate
897 404 1179 467 iudicare
1217 404 1531 468 volumus,
1610 401 1929 487 Legiones
1972 402 2185 466 habeo
2244 404 2439 486 quin-

385 515 509 576 que
555 493 674 556 sub
731 492 933 578 signis
979 495 1043 555 et
1099 513 1213 555 sua
1266 492 1394 555 fide
1439 492 1805 574 virtuteque
1860 490 1953 554 rei
2006 514 2066 574 p.
2117 492 2439 555 conjunc·

382 581 664 646 tissimas
711 584 774 645 et
827 583 1050 644 nostra
1092 580 1481 643 liberalitate
1524 578 1716 643 nobis
1762 579 2219 662 obsequentes,
2283 600 2437 662 pro-

383 670 662 733 vinciam
718 669 1007 733 omnium
1063 668 1425 732 civitatium
1472 688 1784 731 consensu
1827 666 2321 751 paratissimam
2370 671 2435 730 et
2476 684 2491 721 5

385 779 636 821 summa
680 757 1089 821 contentione
1135 756 1217 820 ad
1262 756 1477 819 officia
1521 758 1889 840 certantem,
1934 755 2275 839 equitatus
2324 778 2433 818 au-

385 846 816 928 xiliorumque
870 848 1082 908 tantas
1128 844 1370 929 copias,
1432 847 1703 927 quantas
1746 844 1867 906 hae
1912 846 2139 929 gentes
2187 844 2279 906 ad
2330 844 2433 906 de-

383 934 766 997 fendendam
821 955 1002 996 suam
1056 933 1329 996 salutem
1374 932 1867 1017 libertatemque
1914 932 2232 995 conficere
2282 953 2431 1015 pos-

385 1026 562 1107 sunt3
598 1023 734 1106 ipse
762 1022 855 1085 ita
883 1043 1025 1085 sum
1053 1022 1268 1084 animo
1298 1024 1578 1105 paratus,
1597 1024 1671 1083 ut
1688 1020 1791 1083 vel
1816 1020 2222 1104 provinciam
2252 1020 2430 1083 tueri

383 1111 489 1174 vel
531 1111 643 1194 ire,
691 1131 819 1193 quo
864 1132 967 1173 res
1011 1132 1071 1193 p.
1119 1113 1332 1193 vocet,
1376 1109 1481 1172 vel
1524 1108 1776 1171 tradere
1822 1108 2195 1191 exercitum,
2245 1109 2487 1171 auxi-1⁰

381 1199 473 1262 lia
529 1198 1054 1282 provinciamque
1108 1197 1213 1261 vel
1267 1218 1523 1261 omnem
1587 1197 1900 1280 impetum
1958 1196 2115 1259 belli
2180 1196 2253 1259 in
2324 1218 2429 1259 me

386 1290 756 1351 convertere
801 1307 934 1349 non
978 1306 1282 1369 recusem,
1330 1286 1385 1348 si
1430 1285 1624 1348 modo
1659 1306 1804 1348 meo
1843 1305 1992 1347 casu
2028 1286 2141 1347 aut
2190 1286 2428 1348 confir-

383 1396 560 1438 mare
604 1374 850 1458 patriae
897 1374 1167 1437 salutem
1213 1377 1325 1437 aut
1378 1373 1737 1456 periculum
1779 1373 2023 1455 possim
2066 1373 2342 1437 morari.

518 1462 696 1526 Haec
741 1462 797 1525 si
841 1462 972 1526 iam
1017 1462 1332 1545 expeditis
1369 1462 1669 1525 omnibus
1709 1462 1901 1524 rebus
1936 1462 2430 1545 tranquilloque
2517 1494 2518 1539 3

387 1554 560 1614 statu
616 1550 896 1614 civitatis
941 1549 1276 1634 polliceor,
1332 1550 1401 1612 in
1447 1550 1680 1613 damno
1734 1570 1913 1612 meae
1958 1550 2168 1612 laudis
2218 1551 2323 1613 rei
2370 1574 2426 1633 p.
2450 1546 2518 1603 15'

387 1640 722 1703 commodo
768 1639 1088 1723 laetabor3
1143 1638 1243 1701 sin
1298 1638 1379 1700 ad
1433 1638 1805 1701 societatem
1849 1637 2429 1723 integerrimorum
2517 1688 2518 1723 ¹

387 1731 452 1791 et
495 1727 927 1790 maximorum
980 1726 1416 1810 periculorum
1461 1727 1772 1810 accedam,
1820 1725 2086 1789 consilia
2129 1748 2281 1789 mea
2333 1749 2429 1789 ae-
2517 1728 2518 1815 Ῑ

387 1816 533 1900 quis
586 1816 938 1879 iudicibus·
966 1815 1047 1877 ab
1096 1813 1562 1898 optrectatione
1607 1814 1976 1877 invidorum
2021 1813 2429 1878 defendenda

386 1904 780 1969 commendo.
869 1902 1036 1965 Mihi
1081 1902 1343 1985 quidem
1387 1901 1512 1986 ipsi
1547 1902 1794 1965 fructus
1829 1902 2215 1965 meritorum
2255 1925 2429 1967 mec-

385 2014 530 2056 rum
585 1993 654 2056 in
709 1992 803 2056 rei
855 2015 915 2076 p.
963 1990 1407 2054 incolumitate
1464 1990 1619 2053 satis
1662 2011 1937 2075 magnus
1983 1993 2080 2053 est
2124 1996 2424 2076 paratus3
2448 2007 2483 2044 20

385 2102 494 2144 eos
522 2103 694 2164 vero,
723 2080 835 2163 qui
861 2101 1070 2142 meam
1098 2078 1549 2143 auctoritatem
1576 2081 1641 2141 et
1667 2079 1875 2142 multo
1902 2078 2110 2163 magis
2138 2083 2424 2142 vestram

383 2170 579 2232 fidem
625 2169 827 2232 secuti
870 2189 989 2231 nec
1033 2167 1166 2231 ulla
1211 2188 1322 2249 spe
1372 2166 1578 2249 decipi
1622 2188 1741 2229 nec
1785 2166 1919 2230 ullo
1964 2169 2143 2230 metu
2188 2168 2424 2231 terreri

384 2260 759 2341 potuerunt,
817 2259 890 2319 ut
937 2256 1414 2319 commendatos
1460 2254 1646 2318 vobis
1690 2254 2007 2338 habeatis,
2066 2256 2423 2338 petendum

385 2345 656 2408 videtur.

1344 2500 1455 2566 IX.
2444 2518 2480 2557 25

440 2623 555 2679 Ser.
593 2624 657 2677 in
695 2623 888 2678 Gallia
924 2622 1278 2678 Narbonensi
1326 2622 1414 2676 VI
1441 2628 1541 2676 aut
1590 2621 1642 2673 V
1676 2620 1750 2675 K.
1790 2621 1936 2676 Mai.
1976 2639 2029 2675 a.
2068 2625 2176 2675 711
2220 2628 2359 2693 (43).

1002 2744 1333 2799 PLANCUS
1372 2742 1712 2798 CICERONI
1749 2742 1800 2799 S.

521 2872 709 2937 Nihil
753 2894 856 2936 me
901 2872 1027 2936 tibi
1072 2875 1311 2935 temere
1360 2874 1469 2935 aut
1514 2874 1579 2933 te
1631 2870 1859 2933 ceteris
1908 2870 1983 2933 de
2028 2891 2133 2933 me
2180 2870 2420 2935 frustra

387 2962 698 3045 recepisse
752 2961 985 3045 laetor3
1046 2964 1216 3023 certe
1274 2960 1399 3023 hoc
1450 2958 1658 3021 maius
1716 2957 1917 3021 habes
1974 2958 2419 3023 testimonium

389 3050 626 3113 amoris
678 3049 833 3133 mei,
889 3070 1016 3133 quo
1071 3048 1385 3111 maturius
1438 3047 1562 3110 tibi
1619 3068 1813 3130 quam
1869 3046 2096 3112 ceteris
2151 3049 2417 3111 consilia
2439 3065 2476 3102 30

388 3160 530 3201 mea
583 3137 761 3201 volui
821 3158 956 3201 esse
1014 3140 1184 3199 nota.
1273 3134 1353 3199 In
1412 3135 1546 3199 dies
1600 3157 1753 3199 vero
1813 3135 2197 3197 meritorum
2252 3159 2415 3201 meo-

389 3248 532 3288 rum
587 3226 729 3288 fieri
783 3225 1173 3289 accessiones
1226 3224 1558 3308 pervidere
1611 3227 1677 3287 te
1733 3244 1947 3323 spero,
2007 3222 2415 3307 cogniturum

389 3312 596 3398 magis
651 3312 907 3395 recipio,
1001 3311 1188 3387 Quod
1243 3312 1324 3374 ad
1376 3332 1479 3375 me
1534 3312 1792 3396 attinet,
1851 3311 1945 3374 mi
1991 3308 2244 3396 CicerO,
2293 3310 2415 3399 (ita

391 3399 472 3462 ab
511 3400 998 3463 imminentibus
1033 3400 1220 3462 malis
1265 3421 1366 3462 res
1410 3422 1470 3482 p.
1517 3420 1621 3462 me
1658 3400 2001 3463 adiuvante
2045 3399 2412 3487 libereturl)

393 3487 484 3550 sic
519 3486 796 3550 honores
831 3487 1241 3570 praemiaque
1269 3490 1481 3550 vestra
1518 3487 1797 3571 suspicio
1828 3487 2214 3551 conferenda
2252 3494 2412 3553 certe
2435 3503 2473 3544 ³5
