2567 3884
881 221 1099 274 LIBER
1134 221 1185 274 X
1222 227 1451 275 20—23.
2051 220 2183 284 283

151 364 481 427 consultus
527 367 784 428 senatus
821 368 1003 448 esset,
1049 369 1123 428 ut
1160 365 1431 449 quisque
1466 364 2185 429 honorificentissimam

153 452 234 515 de
277 456 342 516 te
389 452 769 515 sententiam
818 452 1099 537 dixisset,
1147 474 1289 518 eam
1335 456 1588 516 secutus
1626 456 1817 538 esset3
1864 452 1975 535 qui
2014 455 2184 515 certe

153 561 276 626 ego
339 539 618 604 fuissem.
738 537 894 625 Sed,
957 544 1224 624 propter
1285 540 1658 604 tarditatem
1722 540 2184 604 sententiarum

150 648 526 710 moramque
572 649 788 691 rerum
825 648 972 693 cum
1018 650 1109 713 ea,
1155 650 1319 712 quae
1365 628 1881 711 consulebantur,
1928 627 2010 691 ad
2054 628 2183 691 exi—

84 734 116 773 5
150 720 293 780 tum
335 738 468 779 non
511 716 936 801 pervenirent,
983 716 1574 781 commodissimum
1619 716 1782 780 mihi
1816 715 2183 799 Plancoque

148 802 340 868 fratri
391 804 664 868 visumst
717 803 816 868 uti
871 825 947 869 eo
999 824 1047 870 8.
1095 826 1160 889 c.,
1222 803 1397 889 quod
1449 826 1530 869 116
1585 808 1809 868 nostro
1864 803 2183 867 arbitratu

150 895 645 976 conponeretur,
693 892 836 976 quis
882 892 1077 956 fuerit
1120 893 1609 977 impedimento,
1666 892 1948 956 arbitror
1990 896 2057 955 te
2102 914 2181 955 ex

145 979 373 1044 Planci
425 980 662 1043 litteris
716 980 1107 1066 cognovisse.
1201 979 1355 1066 Sed,
1410 981 1544 1045 sivo
1597 981 1668 1043 in
1722 1002 1769 1043 s.
1818 1001 1867 1044 c.
1924 980 2058 1045 sive
2112 980 2180 1043 in

149 1067 380 1131 ceteris
424 1067 617 1131 rebus
663 1067 982 1132 desideras
1028 1068 1305 1153 aliquid,
1353 1069 1445 1132 sic
1488 1068 1613 1132 tibi
1657 1067 1996 1152 persuade,
2042 1071 2179 1131 tan-

55 1176 114 1215 10
149 1160 288 1219 tam
343 1177 478 1220 esse
533 1156 703 1240 apud
749 1156 958 1219 omnis
1009 1156 1216 1220 bonos
1264 1157 1364 1221 tui
1411 1156 1760 1241 caritatem,
1806 1160 1880 1219 ut
1929 1155 2181 1219 nullum

146 1265 352 1330 genus
411 1244 840 1328 amplissimae
901 1244 1234 1331 dignitatis
1294 1245 1648 1331 excogitari
1700 1244 1933 1329 possit,
2006 1244 2182 1327 quod

145 1331 276 1395 tibi
311 1353 443 1396 non
485 1335 782 1416 paratum
828 1332 929 1395 sit.
1015 1332 1296 1396 Litteras
1339 1336 1485 1396 tuas
1521 1336 1849 1397 vementer
1894 1335 2179 1416 expectO,

148 1423 215 1483 et
262 1420 521 1504 quidem
565 1420 732 1504 talis,
780 1420 988 1505 qualis
1033 1421 1311 1485 maxime
1359 1424 1530 1505 opto.
1620 1419 1799 1484 Vale.

1045 1646 1285 1713 XXIII.

53 1772 113 1815 15
146 1769 264 1824 Sc-r.
305 1767 665 1823 Cularonem
689 1768 896 1835 finibus
933 1768 1289 1840 Allobroyum
1337 1770 1494 1824 VIII
1519 1770 1608 1823 Id.
1646 1769 1778 1823 Iun.
1807 1787 1859 1824 a.
1891 1773 1997 1824 711
2038 1773 2176 1838 (43).

671 1893 685 1905 ¹
798 1890 1127 1946 PLANCUS
1165 1890 1521 1947 CICERONI.

277 2034 653 2120 Numquam
679 2034 1090 2119 mehercules,
1116 2036 1209 2098 mi
1238 2033 1480 2120 Cicero,
1516 2057 1619 2100 me
1627 2034 2012 2136 ,paenitebit
2047 2056 2178 2098 ma-

143 2124 323 2188 xima
365 2123 653 2208 pericula
687 2144 806 2207 pro
843 2124 1055 2206 patria
1089 2123 1324 2207 subire,
1371 2087 1541 2208 duin,
1588 2123 1645 2186 si
1682 2122 1839 2206 quid
1875 2121 2178 2186 acciderit

144 2212 340 2296 1111111,
402 2234 440 2274 a
497 2210 990 2296 reprehensione
1053 2174 1437 2275 temerit'atis
1498 2212 1720 2296 apsim.
1822 2208 2180 2275 Confiterer

53 2320 115 2359 20
147 2299 582 2383 imprudentia
626 2320 729 2362 me
774 2299 1044 2385 lapsum,
1091 2298 1145 2363 si
1191 2321 1499 2383 umquam
1543 2298 1789 2384 Lepido
1837 2320 1915 2362 ex
1961 2299 2176 2364 animo

147 2387 593 2473 credidissem,
666 2387 1008 2452 credulitas
1073 2386 1245 2451 enim
1310 2410 1489 2452 error
1552 2390 1649 2451 est
1711 2386 1919 2473 magis
1984 2409 2177 2471 quam

147 2476 354 2560 culpa,
401 2480 466 2539 et
512 2438 770 2559 quidem
815 2476 885 2539 in
922 2475 1153 2559 optimi
1190 2475 1499 2560 cuiusque
1543 2479 1828 2539 mentem
1872 2476 2177 2539 facillime

144 2564 412 2648 inrepit3
471 2562 583 2627 sed
640 2585 760 2649 ego
819 2585 952 2627 non
1008 2564 1134 2627 hoc
1188 2564 1351 2628 vitio
1406 2585 1607 2648 paene
1662 2585 1804 2627 sum
1860 2563 2178 2647 deceptus,

142 2651 462 2751 Lepidum
500 2651 670 2715 enim
713 2652 980 2735 pulchre
1024 2673 1265 2716 noram.
1358 2651 1530 2727 Quid
1574 2672 1728 2737 ergo
1775 2652 1916 2715 est?
1959 2649 2180 2715 Pudor

50 2758 112 2801 25
142 2762 275 2824 me,
333 2739 445 2823 qui
498 2738 568 2803 in
624 2739 796 2803 bello
854 2740 1195 2805 maximest
1252 2739 1681 2824 periculosus,
1743 2738 1917 2803 hunc
1962 2760 2179 2803 casum

145 2828 359 2915 coegit
405 2827 648 2913 subire3
701 2850 878 2912 nam,
933 2828 1062 2892 nisi
1114 2848 1246 2891 uno
1293 2828 1435 2892 loco
1482 2849 1713 2911 essem,
1757 2827 2051 2910 verebar,
2096 2848 2179 2891 116

145 2917 250 2981 cui
282 2879 790 3001 optrectato’rum
815 2879 1069 2980 viderer
1097 2919 1161 2980 et
1187 2916 1463 2979 nimium
1489 2915 1905 3000 pertinaciter
1930 2913 2176 2998 Lepido

145 3006 426 3068 offensus
475 3008 538 3067 et
583 3026 726 3068 mea
777 3004 1091 3089 patientia
1136 3004 1333 3068 etiam
1387 3004 1555 3068 alere
1600 3002 1859 3068 bellum.
1951 3001 2178 3086 Itaque

144 3092 362 3176 copias
414 3114 617 3176 prope
663 3092 733 3155 in
779 3096 1192 3176 conspectum
1235 3091 1466 3176 Lepidi
1509 3089 1886 3174 Antonique
1941 3090 2179 3154 adduxi

47 3201 111 3241 ao
144 3180 698 3267 quadragintaque
734 3180 1015 3244 millium
1049 3202 1356 3265 passuum
1392 3180 1601 3263 spatio
1648 3179 1874 3243 relicto
1921 3179 2180 3243 consedi

143 3290 220 3333 eo
268 3268 554 3353 consili0,
601 3272 674 3332 ut
710 3269 816 3333 vel
860 3268 1154 3332 celeriter
1199 3268 1494 3331 accedere
1534 3267 1640 3331 vel
1684 3266 2051 3331 salutariter
2086 3287 2181 3331 re-

141 3358 353 3440 cipere
411 3379 515 3420 me
574 3378 846 3442 possem.
954 3356 1243 3421 Adiunxi
1302 3355 1462 3419 haec
1524 3356 1594 3419 in
1657 3355 1799 3419 loco
1864 3354 2179 3441 eligendO,

140 3445 383 3509 flumen
431 3445 802 3529 oppositum
847 3447 921 3507 ut
964 3444 1297 3529 haberem,
1353 3444 1423 3507 in
1468 3465 1597 3527 quo
1642 3465 1825 3508 mora
1869 3445 2180 3509 transitus

142 3537 335 3617 esset,
381 3532 689 3597 Vocontii
735 3532 855 3595 sub
902 3554 1098 3596 manu
1143 3536 1216 3596 ut
1264 3535 1501 3617 essent,
1554 3554 1671 3617 per
1717 3553 1993 3617 quorum
2038 3534 2181 3599 loca
