2567 3884
686 204 784 258 AD
825 204 1066 269 QUINT.
1106 205 1365 261 FRATR.
1404 207 1621 260 LIBER
1656 208 1683 260 I
1722 212 1769 262 1.
2110 207 2239 271 497

203 346 394 411 8111118
458 348 752 411 faucibus
816 348 1402 413 inhonestissimam
1468 350 1884 434 cupiditatem
1948 351 2242 434 eripuisti
2292 400 2327 463 7

204 458 464 499 summa
519 456 665 499 811111
720 438 1057 519 aequitate.
1156 437 1334 501 Haec
1390 442 1453 501 et
1508 443 1717 502 cetera
1768 439 1959 522 plena
2012 440 2244 503 severi-
2278 490 2347 539 20

203 524 397 609 13118,
457 545 618 608 (11138
665 526 948 588 statuisti
995 526 1062 588 in
1110 526 1233 589 ista
1277 525 1635 610 provincia,
1694 548 1824 590 non
1871 527 2058 591 facile
2104 528 2241 590 sine

207 634 464 676 summa
509 611 880 698 integritate
927 613 1400 677 sustineremus
1486 613 1694 690 Quare
1749 615 1833 678 sit
1879 637 2128 678 summa
2172 615 2241 678 in

139 718 172 758 5
208 699 352 763 iure
391 700 658 764 dicendo
698 701 1018 787 severitas,
1067 701 1219 765 dum
1245 703 1439 766 modo
1478 724 1552 766 ea
1586 724 1667 765 ne
1694 703 1978 767 varietur
2014 703 2241 788 gratia,

209 788 325 852 sed
389 792 800 853 conservetur
863 789 1232 872 aequabilis
1334 789 1460 854 Sed
1521 794 1738 853 tamen
1798 790 1981 874 parvi
2044 791 2241 854 refert

207 877 328 939 abs
387 880 453 940 te
513 876 652 960 ipso
718 877 820 941 ius
885 877 1010 941 dici
1073 877 1495 960 aequabiliter
1554 882 1619 941 et
1678 878 2051 964 diligenter,
2114 878 2241 941 nisi

209 965 384 1027 idem
431 964 513 1027 ab
560 965 640 1027 iis
685 966 822 1049 fiet,
871 966 1105 1049 quibus
1151 970 1224 1029 tu
1262 966 1398 1029 eius
1442 967 1726 1030 muneris
1774 967 2053 1050 aliquam
2099 989 2241 1050 par-

207 1057 345 1116 tem
402 1053 803 1116 concesseris,
893 1053 992 1117 Ac
1049 1053 1211 1117 mihi
1269 1054 1529 1137 quidem
1587 1054 1842 1118 videtur
1899 1077 2029 1118 non
2090 1076 2240 1118 sane

113 1156 179 1195 10
208 1162 450 1226 magna
485 1141 759 1204 varietas
796 1163 931 1205 esse
975 1142 1387 1227 negotiorum
1424 1144 1492 1206 in
1529 1143 2032 1207 administranda
2066 1142 2239 1227 Asia,

210 1229 327 1292 sed
373 1250 448 1291 ea
491 1232 631 1292 1013
685 1229 843 1292 111118
891 1230 1168 1294 dictione
1231 1231 1509 1294 maxime
1583 1232 1909 1317 sustineri3
1982 1232 2050 1294 in
2116 1254 2242 1314 qua

210 1316 518 1380 scientiae
589 1318 966 1400 praesertim
1037 1317 1450 1401 provincialis
1512 1319 1679 1383 ratio
1742 1319 1883 1403 ipsa
1944 1320 2242 1403 expedita

211 1408 343 1489 est,
391 1405 749 1468 constantia
794 1409 891 1469 est
927 1405 1286 1469 adhibenda
1323 1410 1387 1470 et
1422 1407 1729 1492 gravitas,
1779 1428 1939 1491 quae
1985 1408 2242 1471 resistat

209 1514 346 1556 non
393 1493 602 1556 solum
647 1493 909 1579 gratiae,
954 1515 1177 1558 verum
1215 1494 1409 1558 etiam
1455 1496 1818 1579 suspicioni.

123 1594 182 1635 15
341 1578 770 1666 Adiungenda
798 1582 992 1645 etiam
1018 1586 1115 1645 est
1142 1582 1419 1649 facilitas
1447 1583 1515 1645 in
1544 1583 1877 1668 audiendo,
1913 1584 2144 1648 lenitas
2173 1584 2240 1647 in
2279 1600 2345 1647 21

213 1669 640 1753 decernendo,
687 1670 755 1732 in
801 1670 956 1733 satis
1000 1670 1291 1733 faciendo
1338 1691 1412 1733 ac
1457 1670 1839 1754 disputando
1889 1672 2238 1757 diligentia.

210 1756 338 1820 His
385 1757 578 1820 rebus
623 1779 829 1841 nuper
877 1757 943 1821 G.
981 1756 1284 1821 Octavius
1329 1758 1826 1822 iucundissimus
1872 1760 2022 1843 fuit,
2072 1759 2243 1843 apud

213 1866 409 1928 quem
464 1846 712 1928 primus
756 1846 948 1909 lictor
993 1845 1263 1930 quievit,
1324 1845 1527 1909 tacuit
1571 1868 1869 1910 accensus
1878 1897 1895 1930 ,
1943 1849 2241 1929 quotiens

213 1933 489 2016 quisque
535 1933 767 2017 voluit,
816 1933 1005 2018 dixit,
1052 1938 1116 1997 et
1163 1956 1354 2018 quam
1400 1934 1608 1997 voluit
1654 1935 1790 2020 diu3
1852 1935 2085 2017 quibus
2131 1934 2240 1997 ille

127 2038 184 2076 20
213 2021 411 2085 rebus
456 2021 725 2084 fortasse
779 2022 972 2085 nimis
1025 2022 1188 2085 lenis
1232 2022 1583 2106 videretur,
1638 2023 1765 2086 nisi
1808 2022 1966 2085 11388
2010 2022 2241 2085 18111138

213 2109 396 2172 1113111
443 2110 846 2173 severitatem
891 2113 1194 2173 tueretur.
1288 2109 1700 2196 Cogebantur
1746 2109 1993 2174 Sullani
2037 2110 2242 2175 homi-

211 2219 356 2280 nes,
404 2218 564 2279 quae
609 2219 725 2281 per
768 2198 901 2260 vim
947 2201 1013 2261 et
1055 2202 1300 2262 metum
1337 2198 1749 2282 abstulerant,
1795 2199 2083 2284 reddere3
2130 2200 2242 2283 qui

213 2286 285 2348 in
321 2285 808 2370 magistratibus
844 2286 1150 2350 iniuriose
1191 2287 1616 2372 decreverant,
1662 2286 1885 2351 eodem
1922 2286 2079 2371 ipsis
2114 2288 2243 2371 pri-

211 2373 383 2438 vatis
421 2377 556 2436 erat
602 2374 740 2437 iure
782 2374 1150 2457 parendum.
1241 2373 1419 2438 Haec
1463 2376 1637 2439 illius
1675 2376 1979 2440 severitas
2016 2377 2245 2440 acerba

131 2476 187 2517 25
215 2461 570 2545 videretur,
616 2461 742 2525 nisi
787 2462 1008 2526 multis
1055 2462 1479 2527 condimentis
1523 2464 1943 2528 humanitatis
1988 2465 2243 2550 mitiga-

214 2552 412 2613 retur.
489 2548 730 2625 Quodsi
765 2550 922 2614 haec
965 2551 1196 2615 lenitas
1232 2556 1418 2637 grata
1461 2550 1706 2617 Romae
1753 2557 1865 2638 est,
1911 2553 2025 2616 ubi
2062 2556 2243 2616 tanta
2279 2566 2347 2615 22

215 2637 598 2722 adrogantia
643 2642 764 2721 est,
819 2642 954 2702 tam
999 2639 1421 2703 immoderata
1466 2640 1749 2725 libertas,
1800 2645 1933 2705 tam
1989 2638 2242 2703 infinita

212 2725 556 2789 hominum
598 2725 874 2810 licentia,
923 2726 1194 2810 denique
1230 2731 1332 2791 tot
1371 2730 1804 2815 magistratUS,
1849 2732 1949 2793 tot
1986 2727 2241 2811 auxilia,

214 2817 400 2876 tanta
422 2814 646 2896 populi
681 2814 796 2898 vis,
833 2818 1012 2878 tanta
1050 2819 1307 2879 senatus
1335 2818 1699 2901 auctoritas,
1738 2838 1928 2899 quam
1966 2815 2242 2878 iucunda

132 2918 186 2957 30
214 2901 478 2965 tandem
531 2901 847 2986 praetoris
893 2903 1160 2967 comitas
1204 2904 1274 2967 in
1319 2902 1476 2967 Asia
1528 2908 1742 2988 potest
1786 2904 1946 2967 esse!
2001 2903 2069 2965 in
2116 2924 2242 2985 qua

214 2993 400 3053 tanta
442 2990 790 3055 multitudo
837 2991 1091 3075 civium,
1135 2995 1318 3055 tanta
1362 2992 1699 3077 sociorum,
1743 2996 1844 3055 tot
1888 2991 2096 3074 urbes,
2141 2995 2243 3054 tot

218 3077 511 3141 civitates
566 3078 755 3143 unius
809 3079 1090 3144 hominis
1143 3083 1375 3143 nutum
1420 3080 1777 3164 intuentur,
1832 3079 1945 3142 ubi
1990 3079 2241 3142 nullum

217 3165 532 3229 auxilium
577 3170 698 3251 est,
756 3168 935 3231 nulla
994 3167 1394 3252 conquestio,
1454 3168 1669 3231 nullus
1723 3170 1978 3231 senatus
1986 3218 2004 3251 ,
2062 3167 2241 3230 nulla

217 3254 452 3318 conti0.
544 3253 752 3330 Quare
797 3256 843 3339 †
898 3277 1043 3319 811111
1095 3255 1431 3341 permagni
1487 3255 1769 3319 hominis
1824 3259 1920 3319 est
1976 3258 2040 3318 et
2093 3275 2240 3318 cum

134 3356 188 3399 ³⁵
215 3343 356 3426 ipsa
410 3346 639 3406 natura
693 3344 1007 3408 moderati
1061 3347 1202 3407 tum
1255 3365 1408 3407 vero
1464 3344 1657 3407 etiam
1713 3343 2002 3407 doctrina
2048 3346 2239 3427 atque

219 3430 608 3514 optimarum
667 3432 904 3495 artium
963 3431 1192 3495 studiis
1253 3431 1487 3495 eruditi
1548 3432 1639 3495 sic
1692 3454 1758 3495 se
1814 3431 2116 3496 adhibere
2171 3431 2240 3494 in

214 3522 396 3582 tanta
448 3522 792 3604 potestate,
848 3522 922 3583 ut
973 3520 1152 3582 nulla
1205 3520 1331 3582 alia
1384 3523 1667 3603 potestas
1714 3520 1795 3584 ab
1840 3520 1947 3604 iis,
2004 3520 2239 3603 quibus

324 3630 555 3673 Ciceronis
583 3632 716 3681 epist.
743 3634 780 3671 Ι.
1848 3628 1915 3676 32
