2567 3884
659 166 757 219 AD
797 165 1036 231 QUINT.
1075 167 1335 223 FRATR.
1374 168 1591 222 LIBER
1626 168 1652 221 I
1690 174 1737 223 1.
2058 168 2189 231 493

163 309 364 393 pium,
410 308 590 372 nulla
625 308 834 373 forma
869 310 1260 395 cuiusquam,
1307 311 1485 374 nulla
1529 312 1819 376 condicio
1865 312 2189 396 pecuniae,

122 444 126 447 v
167 396 405 481 quibus
450 398 642 461 rebus
693 398 978 461 abundat
1023 399 1147 462 ista
1190 400 1548 483 provincia,
1606 400 1688 463 ab
1736 420 1986 463 summa
2030 400 2189 464 inte-

164 486 406 571 gritate
443 486 960 569 continentiaque
1007 486 1356 550 deduxerit.
1448 486 1618 563 Quid
1662 491 1876 552 autem
1921 488 2187 571 reperiri

165 578 304 637 tam
340 574 648 637 eximium
693 577 804 636 aut
848 578 982 638 tam
1019 574 1443 658 expetendum
1487 579 1670 658 potes
1698 627 1717 660 ,
1762 593 1954 659 quam
2000 576 2190 639 istam

105 678 137 718 5
164 662 504 745 virtutem,
558 661 1062 727 moderationem
1115 663 1339 747 animi,
1392 664 1883 747 temperantiam
1926 684 2057 727 non
2102 664 2191 726 la-

163 754 306 813 tere
352 750 421 811 in
464 748 746 813 tenebris
782 771 990 833 neque
1029 772 1165 815 esse
1201 750 1505 834 abditam,
1552 751 1662 815 sed
1706 752 1775 815 in
1818 753 1959 815 luce
1995 750 2188 833 Asiae

164 838 236 901 in
284 837 487 901 oculis
533 838 938 901 clarissumae
982 840 1348 922 provinciae
1394 843 1585 922 atque
1633 840 1704 903 in
1748 839 2011 903 auribus
2058 860 2190 903 om-

162 926 350 989 nium
394 926 686 1011 gentium
731 948 805 989 ac
847 927 1182 991 nationum
1228 948 1363 991 esse
1406 928 1727 1011 positam?
1771 950 1903 991 non
1946 927 2190 991 itineri-

166 1014 292 1076 bus
328 1013 457 1077 tuis
492 1014 835 1098 perterreri
869 1015 1179 1100 homineS,
1214 1037 1347 1079 non
1384 1019 1643 1099 sumptu
1680 1016 2021 1099 exhauriri,
2057 1036 2188 1079 non

81 1121 138 1159 ιο
165 1102 449 1165 adventu
504 1102 936 1166 commoveri?
981 1124 1142 1187 esse,
1196 1124 1599 1187 quocumque
1643 1104 1921 1187 veneris,
1966 1107 2030 1167 et
2073 1124 2190 1188 pu-

167 1189 340 1253 blice
385 1191 449 1253 et
493 1190 796 1273 privatim
841 1191 1184 1254 maximam
1229 1191 1561 1275 laetitiam,
1608 1212 1753 1255 cum
1790 1192 1944 1255 urbs
1983 1195 2189 1256 custo-

169 1278 335 1361 dem,
377 1299 511 1342 non
544 1280 906 1362 tyrannum,
953 1279 1178 1342 domus
1217 1279 1558 1364 hospitem,
1602 1302 1733 1344 non
1769 1280 2189 1363 expilatorem

165 1365 480 1448 recepisse
525 1366 858 1430 videatur?

300 1452 426 1516 His
471 1458 684 1517 autem
729 1454 798 1517 in
841 1454 1032 1518 rebus
1077 1454 1208 1518 iam
1242 1459 1308 1519 te
1344 1476 1496 1519 usus
1540 1456 1677 1539 ipse
1722 1457 2013 1540 profecto
2049 1477 2189 1520 eru-

85 1560 138 1599 15
167 1542 337 1607 divit
388 1563 791 1626 nequaquam
844 1543 998 1606 satis
1051 1564 1186 1607 esse
1241 1542 1453 1626 ipsum
1504 1544 1621 1607 has
1674 1548 1740 1607 te
1782 1545 2020 1609 habere
2063 1545 2190 1608 vir-

165 1634 360 1713 tuteS,
405 1630 517 1693 sed
562 1652 694 1694 esse
741 1630 1378 1714 circumspiciendum
1425 1631 1791 1717 diligenter,
1838 1636 1910 1695 ut
1955 1633 2023 1695 in
2066 1632 2189 1695 hac

167 1718 462 1783 custodia
506 1718 872 1801 provinciae
915 1740 1046 1783 non
1081 1722 1146 1781 te
1182 1740 1400 1802 unum,
1446 1719 1558 1782 sed
1594 1740 1812 1783 omnes
1857 1720 2189 1783 ministros

167 1806 428 1891 imperii
481 1806 579 1870 tui
633 1806 821 1871 sociis
867 1810 932 1871 et
977 1807 1223 1869 civibus
1269 1811 1335 1870 et
1379 1807 1473 1870 rei
1525 1807 1819 1889 publicae
1864 1811 2187 1891 praestare

167 1896 443 1959 videare.
534 1892 934 1978 Quamquam
984 1895 1232 1980 legatos
1284 1894 1483 1959 habes
1538 1915 1645 1958 eos
1655 1945 1673 1978 ,
1728 1894 1839 1977 qui
1895 1895 2017 1978 ipsi
2072 1916 2190 1977 per

87 2002 141 2041 20
170 2006 237 2047 se
291 1982 581 2046 habituri
635 1983 764 2046 sint
818 1983 1132 2046 rationem
1191 1982 1525 2068 dignitatis
1584 2003 1761 2067 suae3
1821 1982 1897 2045 de
1953 1982 2187 2066 quibus

168 2072 418 2136 honore
470 2074 534 2134 et
590 2070 903 2157 dignitate
957 2074 1021 2134 et
1075 2074 1281 2134 aetate
1327 2073 1609 2154 praestat
1653 2069 1936 2155 Tubero,
1996 2092 2188 2154 quem

169 2181 291 2245 ego
331 2158 628 2243 arbitror,
672 2159 1048 2242 praesertim
1085 2180 1230 2221 cum
1266 2158 1505 2221 scribat
1547 2158 1903 2243 historiam,
1948 2158 2188 2224 multos

169 2269 248 2311 ex
303 2248 436 2311 suis
490 2247 826 2311 annalibus
868 2267 1055 2330 posse
1101 2246 1405 2333 deligere,
1467 2267 1627 2330 quos
1671 2247 1829 2311 velit
1875 2250 1939 2311 et
1983 2247 2188 2331 possit

168 2334 439 2419 imitari,
493 2334 786 2399 Allienus
840 2338 1054 2398 autem
1107 2339 1327 2398 noster
1372 2338 1469 2399 est
1522 2356 1665 2398 cum
1712 2336 1927 2399 animo
1974 2340 2038 2400 et
2082 2336 2188 2400 be-

85 2440 142 2479 25
168 2423 536 2487 nevolentia
591 2427 732 2486 tum
784 2445 936 2487 vero
991 2422 1184 2487 etiam
1239 2423 1601 2487 imitatione
1653 2424 1927 2488 vivendi.
2016 2423 2187 2488 Nam

171 2512 330 2595 quid
383 2532 502 2597 ego
551 2510 626 2575 de
675 2510 964 2575 Gratidio
1021 2511 1270 2575 dicam?
1326 2533 1516 2594 quem
1562 2516 1731 2576 certe
1786 2512 1917 2576 scio
1964 2513 2056 2575 ita
2100 2513 2189 2575 la-

168 2600 399 2663 borare
459 2599 536 2663 de
593 2600 1064 2663 existimatione
1123 2620 1263 2683 sua,
1325 2603 1397 2663 ut
1453 2604 1720 2683 propter
1777 2621 2059 2664 amorem
2118 2600 2187 2663 in

167 2710 287 2751 nos
340 2688 695 2751 fraternum
749 2688 942 2751 etiam
1003 2688 1078 2751 de
1135 2690 1357 2751 nostra
1412 2687 1678 2752 laboret.
1770 2686 2186 2763 Q-uaestorem

166 2776 368 2839 habes
411 2797 542 2839 non
584 2779 700 2839 tuo
745 2775 982 2839 iudicio
1031 2775 1369 2859 delectum,
1430 2776 1542 2840 sed
1586 2797 1757 2859 eum,
1814 2796 2005 2858 quem
2050 2796 2187 2839 sors

83 2882 138 2921 80
169 2863 361 2927 dedit.
451 2862 642 2927 Hunc
677 2867 931 2948 oportet
967 2866 1032 2927 et
1076 2885 1190 2927 sua
1234 2866 1462 2946 sponte
1508 2884 1642 2927 esse
1685 2864 2085 2927 moderatum
2124 2868 2189 2927 et

166 2952 298 3015 tuis
354 2951 669 3015 institutis
723 2973 796 3016 ac
847 2952 1202 3035 praeceptis
1247 2952 1723 3035 obtemperare·
1797 2949 2084 3026 Quorum
2131 2953 2187 3015 si

167 3040 314 3124 quis
359 3040 527 3103 forte
563 3044 728 3104 esset
773 3039 1108 3123 sordidior,
1153 3041 1353 3103 ferres
1390 3043 1667 3123 eatenus,
1714 3039 1924 3121 quoad
1969 3061 2084 3122 per
2120 3061 2186 3104 se

163 3128 536 3215 neglegeret
581 3150 684 3191 eas
729 3128 920 3213 leges,
968 3128 1200 3211 quibus
1246 3130 1413 3191 esset
1458 3127 1773 3211 astrictus,
1817 3146 1949 3190 non
1994 3130 2067 3190 ut
2113 3148 2187 3191 ea

162 3218 500 3300 potestate,
547 3236 738 3299 quam
774 3220 845 3279 tu
883 3215 965 3279 ad
1010 3215 1391 3301 dignitatem
1425 3214 1839 3298 permisisseS,
1884 3215 1965 3278 ad
2000 3236 2189 3298 quae-

83 3322 136 3362 35
165 3309 340 3368 stum
367 3307 669 3368 uteretur.
728 3304 955 3387 Neque
983 3303 1155 3366 enim
1181 3303 1344 3367 mihi
1372 3323 1521 3367 sane
1548 3303 1773 3386 placet,
1810 3304 2187 3386 praesertim

165 3414 312 3457 cum
338 3390 411 3455 hi
436 3412 646 3455 mores
672 3395 925 3455 tantum
952 3391 1081 3454 iam
1100 3392 1181 3454 ad
1204 3390 1473 3454 nimiam
1498 3390 1831 3455 lenitatem
1857 3394 1923 3455 et
1948 3391 2031 3454 ad
2058 3414 2186 3455 am—

163 3480 479 3545 bitionem
506 3479 931 3563 incubuerint,
967 3479 1238 3543 scrutari
1273 3482 1340 3542 te
1368 3500 1588 3543 omnes
1618 3479 1852 3563 sordes,
1890 3484 2186 3547 excutere

2240 1414 2281 1479 3

2229 1507 2295 1554 10

2230 2702 2290 2750 11
