2567 3884
324 158 457 223 504
1079 156 1593 211 EPISTULARUM

322 300 536 365 minor
588 299 842 364 videtur
901 321 1094 384 quam
1154 300 1415 364 omnino
1474 322 1605 363 non
1664 299 1868 364 irasci.
1957 299 2130 365 Nam
2186 300 2359 364 illud

329 392 423 453 est
483 410 614 452 non
679 389 887 452 solum
949 388 1286 474 gravitatis
1294 439 1313 473 ,
1376 388 1486 451 sed
1544 410 1677 451 non
1738 410 2091 471 numquam
2152 388 2357 453 etiam

321 476 751 561 lentitudinis3
805 476 1124 540 moderari
1169 498 1321 540 vero
1368 480 1433 539 et
1478 477 1692 540 animo
1739 481 1804 540 et
1850 477 2152 560 orationi,
2202 498 2359 540 cum

326 565 413 629 sis
457 565 660 628 iratus
667 616 685 649 ,
732 568 843 628 aut
887 565 1082 629 etiam
1127 568 1336 628 tacere
1382 568 1445 627 et
1490 568 1709 628 tenere
1754 564 1823 627 in
1868 586 1983 628 sua
2025 569 2357 648 potestate

324 657 576 717 motum
630 652 828 716 animi
882 657 948 716 et
1002 652 1316 736 dolorem,
1374 652 1494 716 etsi
1548 674 1680 717 non
1736 656 1833 716 est
1884 654 2207 736 perfectae
2254 675 2357 717 sa-
2412 672 2440 712 5

219 761 287 809 39
325 742 630 826 pientiae,
690 744 906 804 tamen
959 744 1056 804 est
1107 762 1238 804 non
1282 740 1622 804 mediocris
1667 741 1927 826 ingenii.
2015 741 2358 824 Atque·in

323 831 449 894 hoc
505 850 738 916 genere
792 828 999 892 multo
1062 831 1126 892 te
1188 850 1326 892 esse
1388 828 1517 891 iam
1581 829 2080 893 commodiorem
2134 830 2359 893 mitio-

325 939 588 1001 remque
650 918 965 981 nuntiant.
1067 916 1303 981 Nullae
1366 920 1513 980 tuae
1575 916 2083 981 vehementiores
2148 918 2357 981 animi

327 1005 814 1089 concitationes,
886 1004 1063 1068 nulla
1133 1004 1473 1068 maledicta
1542 1005 1624 1067 ad
1693 1026 1811 1068 nos
1827 1056 1845 1089 ,
1916 1005 2131 1069 nullae
2206 1027 2357 1069 con-

325 1094 626 1157 tumeliae
683 1094 1118 1177 perferuntur,
1182 1113 1345 1176 quae
1400 1114 1545 1156 cum
1599 1093 1947 1157 abhorrent
2000 1116 2039 1156 a
2093 1093 2355 1178 litteris,
2382 1112 2433 1151 10

327 1182 408 1245 ab
466 1180 866 1246 humanitate
927 1185 1069 1244 tum
1130 1202 1282 1245 vero
1349 1180 1668 1244 contraria
1732 1185 1882 1245 sunt
1942 1181 2219 1265 imperio
2279 1204 2356 1246 ac

328 1270 656 1355 dignitati3
709 1291 890 1353 nam,
946 1269 1000 1332 si
1045 1269 1483 1352 implacabiles
1527 1269 1891 1333 iracundiae
1944 1273 2122 1353 sunt,
2184 1292 2355 1333 sum-

326 1381 432 1421 ma
495 1361 592 1421 est
654 1357 996 1440 acerbitas,
1061 1358 1160 1421 sin
1223 1361 1439 1420 autem
1502 1357 1890 1442 exorabiles,
1961 1379 2214 1421 summa
2268 1358 2355 1423 le-

326 1446 516 1529 vitaS,
582 1466 742 1528 quae
800 1449 1016 1508 tamen
1071 1449 1144 1509 ut
1201 1446 1270 1509 in
1329 1445 1515 1509 malis
1574 1446 1909 1509 acerbitati
1963 1449 2355 1530 anteponen-

331 1533 412 1597 da
456 1537 567 1596 est.
2381 1552 2427 1592 15

465 1619 614 1705 Sed,
672 1620 976 1704 quoniam
1029 1620 1275 1704 primus
1322 1643 1523 1685 annus
1576 1621 1808 1685 habuit
1853 1622 1929 1685 de
1973 1622 2098 1686 hac
2143 1644 2354 1707 repre-

327 1709 635 1772 hensione
697 1708 1050 1792 plurimum
1108 1710 1446 1794 sermonis,
1511 1710 1725 1793 credo,
1784 1714 2126 1793 propterea
2181 1711 2359 1794 quod

327 1797 451 1861 tibi
504 1796 841 1861 hominum
887 1797 1182 1879 iniuriae,
1230 1798 1405 1879 quod
1449 1798 1743 1881 avaritia,
1790 1798 1964 1881 quod
2008 1798 2359 1863 insolentia

326 1889 581 1969 praeter
627 1884 996 1969 opinionem
1041 1885 1367 1948 accidebat
1413 1889 1477 1949 et
1522 1886 1949 1949 intolerabilis
1993 1886 2357 1971 videbatur,

327 1974 641 2038 secundus
696 1977 911 2037 autem
963 1973 1169 2037 multo
1222 1973 1455 2055 lenior,
1509 1974 1682 2057 quod
1726 1978 1791 2037 et
1845 1976 2242 2039 consuetudo
2290 1979 2357 2039 et
2383 1994 2432 2033 20

328 2063 494 2125 ratio
541 2065 631 2146 et,
676 2065 749 2125 ut
795 2082 915 2146 ego
962 2061 1267 2144 arbitror,
1314 2083 1491 2124 meae
1538 2083 1791 2145 quoque
1836 2062 2089 2126 litterae
2135 2067 2203 2127 te
2247 2086 2359 2147 pa-

329 2149 699 2213 tientiorem
743 2149 1178 2233 lenioremque
1223 2149 1541 2233 fecerunt,
1588 2150 1817 2213 tertius
1863 2172 2066 2213 annus
2113 2150 2208 2214 ita
2255 2152 2359 2215 dc-

328 2236 441 2299 bet
477 2258 613 2300 esse
658 2237 1046 2320 emendatus,
1092 2241 1165 2301 ut
1208 2258 1289 2300 ne
1326 2237 1659 2301 minimam
1696 2238 1955 2321 quidem
2000 2260 2138 2302 rem
2185 2240 2358 2322 quis—

222 2341 289 2389 41
331 2345 523 2407 quam
583 2325 786 2407 possit
847 2325 1045 2388 ullam
1103 2325 1581 2408 reprehendere.
1683 2325 1782 2389 Ac
1843 2326 1973 2389 iam
2025 2327 2154 2390 hoc
2211 2328 2357 2392 loco

329 2434 460 2475 non
512 2412 878 2475 hortatione
932 2434 1138 2496 neque
1191 2413 1572 2497 praeceptis,
1632 2414 1744 2477 sed
1795 2414 2095 2497 precibus
2140 2418 2357 2480 tecum
2383 2433 2431 2472 2⁵

329 2500 627 2564 fraternis
673 2521 795 2585 ago
809 2551 826 2583 ,
871 2503 1083 2563 totum
1128 2504 1200 2563 ut
1246 2501 1557 2586 animum,
1604 2523 1822 2566 curam
1869 2502 2357 2588 cogitationem-

330 2610 453 2672 que
498 2593 678 2651 tuam
720 2609 922 2671 ponas
967 2588 1036 2651 in
1083 2589 1371 2653 omnium
1416 2590 1601 2652 laude
1646 2590 1929 2673 undique
1975 2591 2355 2677 coliigenda.

330 2676 573 2753 Quodsi
628 2676 696 2739 in
757 2676 1065 2739 mediocri
1124 2680 1297 2740 statu
1357 2677 1668 2741 sermonis
1727 2699 1801 2741 ac
1856 2679 2357 2762 praedicationis

329 2769 584 2829 nostrae
630 2785 732 2828 res
768 2768 994 2849 essent,
1039 2764 1205 2828 nihil
1250 2765 1365 2828 abs
1408 2768 1475 2828 te
1522 2766 1846 2850 eximium,
1890 2766 2058 2830 nihil
2100 2773 2358 2851 praeter

330 2853 604 2917 aliorum
650 2852 1173 2917 consuetudinem
1230 2853 1682 2935 postularetur.
1772 2854 1838 2919 N
1839 2876 1963 2918 unc
2008 2878 2165 2920 vero
2211 2878 2355 2941 pro-
2380 2876 2427 2915 ao

327 2944 473 3025 pter
518 2963 737 3005 earum
783 2963 1023 3024 rerum,
1082 2941 1150 3003 in
1205 2941 1441 3024 quibus'
1486 2942 1722 3005 versati
1768 2964 2015 3027 811111118,
2063 2944 2356 3027 splendo-

332 3052 467 3093 rem
520 3033 584 3092 et
637 3029 1180 3115 magnitudinem,
1239 3028 1366 3091 nisi
1422 3050 1737 3093 summam
1795 3030 2051 3095 laudem
2108 3054 2188 3096 ex
2235 3034 2356 3097 ista

328 3117 661 3200 provincia
706 3116 1140 3200 adsequimur,
1185 3116 1296 3180 vix
1342 3117 1634 3181 videmur
1679 3139 1994 3183 summam
2038 3120 2356 3205 vitupera-

329 3205 573 3269 tionem
626 3226 812 3289 posse
869 3205 1088 3268 vitare.
1180 3203 1277 3267 Ea
1331 3209 1553 3268 nostra
1606 3206 1771 3270 ratio
1827 3211 1951 3291 est;
2008 3212 2081 3271 ut
2138 3231 2356 3274 omnes

329 3293 486 3356 boni
533 3314 678 3355 cum
724 3293 980 3356 faveant
1034 3296 1175 3356 tum
1229 3292 1425 3356 etiam
1472 3315 1726 3357 omnem
1773 3317 1810 3357 a
1854 3295 2043 3359 nobis
2090 3296 2354 3383 diligen·
2378 3314 2423 3353 ³5

330 3380 489 3443 tiam
549 3381 982 3463 virtutemque
1043 3385 1107 3444 et
1165 3382 1497 3463 postulent
1556 3385 1621 3445 et
1678 3387 2079 3467 exspectent,
2138 3406 2352 3449 omnes

333 3471 548 3530 autem
611 3468 922 3553 improbi,
997 3468 1170 3551 quod
1235 3489 1382 3532 cum
1444 3469 1525 3533 iis
1589 3470 1831 3535 bellum
1896 3472 2351 3555 sempiternum

225 1584 310 1648 14

222 1674 291 1723 40
