2567 3884
625 228 724 281 AD
765 228 1004 293 QUINT.
1043 228 1303 285 FRATR.
1344 228 1561 283 LIBER
1595 231 1647 283 Π
1691 236 1773 298 14,
1814 236 1895 285 15.
2140 230 2269 294 539

376 370 584 435 Parva
630 375 806 455 sunt,
863 393 1024 455 quae
1073 372 1327 456 desunt,
1382 395 1500 456 pro
1548 374 1785 436 nostris
1834 373 2092 457 quidem
2136 396 2269 437 mo-

240 459 443 544 ribus,
489 463 553 523 et
600 482 673 523 ea
719 463 868 523 sunt
914 461 995 523 ad
1041 461 1490 543 explicandum
1537 461 2030 545 expeditissima,
2074 462 2267 525 modo

239 546 582 611 valeamus
656 548 960 612 Ambitus
997 549 1164 613 redit
1210 548 1534 633 immanis3
1578 570 1929 633 numquam
1974 550 2099 613 fuit
2133 572 2265 633 par.

240 634 405 699 Idib.
437 635 687 711 Quinct.
725 637 948 700 faenus
983 637 1110 700 fuit
1155 636 1448 700 bessibus
1495 658 1573 700 ex
1619 638 1854 701 triente
1899 638 2176 701 coitione
2220 639 2268 721 †

186 740 212 779 ⁵
241 724 510 787 Memmi
573 728 670 787 est
733 745 860 808 quo
926 746 1072 788 cum
1129 724 1448 809 Domitio3
1511 725 1678 789 hanc
1736 724 2009 789 Scaurus
2067 747 2267 789 unum

241 813 513 876 vincere.
619 811 893 876 Messala
955 814 1194 877 flaccet.
1302 812 1454 877 Non
1501 813 1642 876 dico
1687 813 2091 898 ὑπερβολάς,
2164 814 2268 877 vel

240 899 356 963 HS
415 901 698 964 centiens
757 902 1156 965 constituunt
1211 901 1280 963 in
1333 901 1781 987 praerogativa
1832 902 2265 985 pronuntiare.

242 987 372 1052 Res
431 988 612 1052 ardet
670 989 926 1053 invidia.
1019 988 1376 1052 Tribunicii
1438 990 1759 1053 candidati
1820 990 2267 1074 compromise-

243 1081 395 1140 runt
439 1074 554 1139 HS
601 1077 940 1163 quingenis
995 1077 1063 1140 in
1118 1078 1409 1163 singulos
1463 1078 1633 1162 apud
1674 1076 1762 1141 M.
1811 1077 2119 1142 Catonem
2165 1079 2268 1142 de-

161 1182 214 1220 10
241 1164 474 1247 positis
530 1168 748 1248 petere
793 1166 929 1229 eius
984 1166 1332 1251 arbitratu,
1393 1169 1497 1249 ut,
1553 1166 1664 1249 qui
1720 1170 1943 1229 contra
1995 1166 2266 1251 fecisset,

243 1253 325 1316 ab
381 1274 456 1316 eo
518 1253 1062 1317 condemnaretur.
1155 1253 1331 1329 Quae
1386 1254 1647 1337 quidem
1702 1255 1963 1317 comitia
2017 1255 2071 1317 si
2125 1277 2266 1340 gra-

239 1340 410 1403 tuita
471 1340 737 1425 fuerint,
801 1345 874 1405 ut
936 1345 1273 1426 putantur,
1337 1342 1482 1425 plus
1536 1363 1701 1406 unus
1758 1341 1917 1406 Cato
1980 1342 2266 1426 potuerit

242 1450 436 1512 quam
483 1450 702 1493 omnes
746 1429 922 1515 leges
968 1451 1315 1513 omnesque
1360 1429 1617 1493 iudices.

1035 1655 1177 1721 xv,
1233 1654 1465 1743 [xm]

161 1795 212 1835 15
651 1776 764 1832 Ser.
804 1776 1010 1831 Romae
1045 1794 1126 1833 ex.
1165 1794 1233 1832 m.
1274 1778 1417 1832 Sext.
1456 1796 1508 1833 a.
1550 1782 1661 1833 700
1702 1782 1839 1847 (54).

526 1899 858 1955 MARCUS
893 1900 1198 1970 QUINTO
1236 1900 1560 1955 FRATRI
1588 1900 1993 1956 SALUTEM

378 2040 540 2106 Cum
578 2066 615 2106 a
650 2064 754 2106 me
787 2042 1037 2106 litteras
1081 2043 1333 2107 librarii
1377 2064 1572 2107 manu
1618 2044 1952 2128 acceperiS,
1998 2066 2078 2108 ne
2113 2066 2265 2127 pau-

238 2130 378 2194 lum
413 2132 660 2212 quidem
693 2152 797 2194 me
835 2130 954 2194 otii
989 2131 1289 2195 habuisse
1326 2132 1626 2215 iudicatO,
1673 2152 1819 2195 cum
1855 2136 2070 2195 autem
2105 2154 2265 2216 mea,

240 2219 522 2303 paulum.
614 2217 721 2283 Sic
774 2220 944 2282 enim
998 2218 1262 2303 habeto,
1323 2242 1673 2303 numquam
1717 2241 1821 2283 me
1867 2243 1904 2283 a
1950 2221 2155 2284 causis
2202 2225 2265 2285 et

161 2325 214 2364 20
241 2306 497 2369 iudiciis
533 2306 991 2371 districtiorem
1026 2307 1240 2391 fuisse,
1279 2311 1471 2391 atque
1509 2308 1577 2371 id
1612 2308 1762 2372 anni
1799 2312 2090 2393 tempore
2124 2331 2266 2395 gra-

241 2394 505 2459 vissimo
552 2399 616 2458 et
661 2395 983 2459 caloribus
1025 2396 1340 2459 maximis.
1435 2395 1561 2459 Sed
1604 2396 1784 2481 haec,
1842 2398 2146 2480 quoniam
2191 2402 2265 2461 tu

240 2483 334 2546 ita
360 2483 776 2567 praescribis,
821 2482 1082 2547 ferenda
1127 2488 1294 2568 sunt,
1338 2505 1545 2568 neque
1591 2485 2146 2568 committendum,
2192 2489 2265 2548 ut

241 2574 353 2635 aut
411 2571 548 2654 spei
605 2574 718 2635 aut
775 2571 1154 2657 cogitationi
1211 2576 1461 2636 vestrae
1519 2594 1639 2658 ego
1694 2573 1914 2637 videar
1973 2572 2265 2657 defuisse,

240 2659 617 2743 praesertim
665 2680 840 2743 cum,
887 2660 941 2722 si
987 2660 1056 2722 id
1101 2660 1431 2723 difficilius
1473 2660 1701 2744 fuerit,
1755 2665 1971 2724 tamen
2017 2680 2097 2723 ex
2141 2660 2265 2723 hoc

161 2762 215 2803 25
241 2747 462 2811 labore
521 2770 822 2832 magnam
879 2748 1156 2832 gratiam
1212 2769 1640 2833 magnamque
1700 2748 2081 2833 dignitatem
2142 2748 2264 2810 sim

243 2836 660 2899 conlecturus.
733 2833 976 2919 Itaque,
1023 2839 1096 2898 ut
1141 2835 1266 2899 tibi
1310 2836 1537 2919 placet,
1584 2835 1806 2898 damus
1854 2856 2138 2918 operam,
2184 2857 2264 2899 ne

242 2924 422 2987 cuius
451 2924 735 2987 animum
755 2923 1167 3007 offendamus,
1196 2927 1388 3006 atque
1416 2927 1488 2986 ut
1508 2923 1702 2986 etiam
1731 2923 1812 2986 ab
1841 2923 1921 2986 iis
1949 2923 2122 3006 ipsis,
2151 2924 2263 3006 qui

240 3033 358 3075 nos
405 3032 549 3075 cum
596 3010 861 3075 Caesare
905 3015 1041 3075 tam
1077 3011 1453 3075 coniunctos
1491 3011 1725 3094 dolent,
1773 3011 2134 3096 diligamur,
2181 3011 2260 3074 ab

241 3100 460 3182 aequis
496 3120 647 3163 vero
693 3102 805 3163 aut
842 3099 1036 3162 etiam
1072 3121 1109 3162 a
1144 3100 1480 3183 propensis
1516 3098 1585 3161 in
1611 3097 1778 3161 hanc
1801 3102 2050 3181 partem
2078 3099 2263 3162 vehe-

159 3206 215 3245 so
240 3191 489 3251 menter
533 3191 597 3250 et
644 3187 929 3250 colamur
966 3190 1029 3249 et
1080 3209 1383 3250 amemur.
1465 3186 1563 3249 De
1610 3186 1858 3249 ambitu
1905 3208 2049 3250 cum
2096 3190 2263 3250 atro-

243 3275 494 3339 cissime
531 3277 828 3360 ageretur
872 3274 941 3337 in
987 3279 1210 3339 senatu
1254 3275 1496 3339 multos
1535 3274 1686 3358 dies,
1734 3275 1907 3357 quod
1952 3275 2044 3337 ita
2081 3280 2263 3339 erant

239 3362 562 3448 progressi
609 3363 928 3425 candidati
975 3363 1356 3447 consulares,
1407 3367 1478 3426 ut
1524 3384 1653 3426 non
1702 3366 1865 3426 esset
1911 3363 2261 3448 ferendum,

240 3452 307 3513 in
345 3453 568 3513 senatu
612 3471 743 3514 non
787 3450 912 3535 fui3
960 3451 1156 3514 statui
1193 3451 1274 3513 ad
1310 3452 1554 3515 nullam
1599 3450 1982 3515 medicinam
2020 3451 2113 3515 rei
2148 3474 2263 3535 pu-

239 3536 442 3602 blicae
487 3536 624 3601 sine
668 3560 904 3623 magno
949 3538 1269 3622 praesidio
1319 3540 1629 3604 accedere.
