2567 3884
967 971 1184 1024 LIBER
1229 927 1547 1025 memus

479 1095 616 1160 AD
675 1096 745 1161 L.
805 1096 1311 1162 PLANCUM
1365 1096 1492 1159 ΕΤ
1542 1093 2029 1161 CETEROS.

1227 1269 1276 1335 Ι.

455 1391 570 1447 Ser.
609 1391 818 1447 Romae
846 1394 1022 1462 paulo
1050 1399 1178 1462 post
1213 1393 1387 1446 XIII
1418 1394 1491 1448 K.
1537 1393 1649 1448 Oct.
1687 1410 1739 1447 a.
1779 1397 1890 1448 710
1928 1397 2066 1462 (44).

181 1541 206 1580 ⁵
952 1513 1208 1569 cicnao
1255 1515 1559 1570 PLANCO.

374 1641 466 1706 Et
521 1641 654 1705 afui
707 1641 1117 1725 proficiscens
1163 1641 1232 1704 in
1282 1640 1615 1705 Graeciam
1663 1644 1751 1725 et,
1807 1646 2033 1726 postea
2079 1665 2271 1727 quam
2313 1660 2340 1707 1

240 1730 319 1794 de
364 1730 582 1794 medio
629 1751 819 1793 cursu
863 1729 959 1814 rei
1002 1752 1063 1813 p.
1111 1751 1253 1793 sum
1299 1751 1455 1794 voce
1501 1733 1860 1815 revocatUS,
1920 1753 2274 1815 numquam

237 1840 357 1902 per
399 1817 489 1881 M.
526 1815 887 1881 Antonium
934 1818 1189 1900 quietus
1234 1818 1361 1903 fui3
1409 1818 1588 1882 cuius
1634 1821 1815 1881 tanta
1860 1823 1957 1882 est
2001 1841 2134 1883 non
2177 1820 2274 1883 in-

241 1905 518 1970 solentia
565 1903 742 1993 (nam
787 1905 855 1969 id
903 1906 1162 1990 quidem
1206 1906 1472 1992 vulgare
1517 1906 1750 1970 vitium
1797 1904 1953 1992 est),
2000 1907 2111 1970 sed
2155 1908 2273 1971 im-

157 2016 214 2054 10
238 1995 537 2079 manitaS,
591 2015 723 2057 non
766 1994 960 2057 modo
1007 1997 1080 2056 ut
1125 2015 1375 2078 vocem,
1432 1995 1543 2058 sed
1586 2017 1668 2058 ne
1712 1995 1965 2058 vultum
2012 1995 2271 2079 quidem

237 2083 520 2147 liberum
565 2082 770 2167 possit
814 2083 981 2146 ferre
1028 2083 1421 2167 cuiusquam.
1492 2080 1719 2166 Itaque
1755 2082 1919 2146 mihi
1952 2083 2271 2146 maximae

241 2192 433 2235 curae
488 2173 586 2234 est
628 2192 761 2234 non
807 2170 883 2234 de
937 2192 1080 2234 mea
1125 2171 1386 2254 quidem
1431 2171 1590 2255 vita,
1648 2171 1751 2234 cui
1795 2171 1951 2234 satis
1997 2171 2121 2235 feci
2166 2172 2271 2236 vel

243 2263 454 2324 aetate
498 2258 603 2323 vel
646 2258 833 2323 factis
878 2259 1009 2343 vel,
1058 2259 1113 2322 si
1160 2259 1318 2342 quid
1362 2259 1555 2323 etiam
1600 2258 1725 2322 hoc
1770 2259 1851 2322 ad
1896 2281 2032 2323 rem
2076 2261 2271 2343 perti-

241 2351 370 2432 net,
417 2347 652 2434 gloria,
707 2347 818 2410 sed
871 2368 974 2410 me
1019 2347 1230 2430 patria
1275 2348 1581 2410 sollicitat
1626 2347 1695 2410 in
1739 2347 2120 2433 primisque,
2177 2348 2270 2411 mi

162 2456 214 2494 15
241 2435 497 2519 Plance,
545 2435 935 2520 exspectatio
983 2437 1351 2499 consulatus
1396 2436 1493 2499 tui
1503 2487 1520 2520 ‚
1568 2457 1729 2518 quae
1777 2436 1869 2499 ita
1912 2437 2108 2523 longa
2154 2430 2319 2520 ests*

242 2527 317 2588 ut
365 2524 718 2608 optandum
764 2523 866 2607 sit,
912 2526 986 2586 ut
1029 2524 1351 2607 possimus
1396 2524 1478 2586 ad
1522 2524 1590 2586 id
1625 2528 1879 2607 tempus
1916 2525 2011 2589 rei
2045 2549 2106 2609 p.
2144 2525 2271 2609 spi·

243 2612 444 2676 ritum
492 2613 735 2676 ducere.
829 2610 1002 2687 Quae
1047 2615 1262 2695 potest
1308 2612 1480 2675 enim
1518 2633 1662 2696 spes
1698 2634 1834 2676 esse
1871 2613 1940 2675 in
1976 2634 2049 2676 ea
2085 2635 2154 2676 re
2190 2637 2272 2698 p.‚

243 2701 311 2764 in
350 2722 478 2784 qua
511 2700 794 2764 hominis
839 2699 1364 2783 impotentissimi
1408 2703 1599 2784 atque
1636 2699 2271 2785 intemperantissimi

243 2788 441 2852 armis
488 2810 792 2872 oppressa
837 2790 987 2851 sunt
1034 2789 1266 2873 omnia,
1313 2791 1377 2852 et
1422 2789 1491 2851 in
1530 2787 1655 2873 qua
1700 2810 1817 2852 nec
1862 2791 2119 2852 senatus
2155 2811 2273 2852 nec

165 2896 216 2934 20
241 2876 522 2960 populus
578 2877 713 2941 vim
769 2875 967 2939 habet
1025 2875 1254 2960 ullam,
1313 2897 1431 2940 nec
1487 2877 1662 2962 leges
1721 2876 1889 2940 ullae
1948 2880 2097 2939 sunt
2155 2898 2274 2940 nec

242 2964 484 3029 iudicia
534 2985 654 3028 nec
708 2964 969 3028 omnino
1025 2964 1438 3028 simulacrum
1493 2965 1755 3048 aliquod
1809 2986 1883 3028 ac
1924 2964 2272 3049 vestigium

245 3053 568 3117 civitatis?
651 3050 804 3137 Sed,
851 3052 1156 3135 quoniam
1201 3055 1345 3116 acta
1390 3053 1605 3116 omnia
1648 3053 1823 3115 mitti
1870 3052 1951 3115 ad
1995 3055 2060 3114 te
2105 3053 2272 3115 arbi·
2310 3069 2341 3115 2

244 3140 490 3224 trahar,
544 3140 712 3204 nihil
765 3144 927 3225 erat,
984 3141 1158 3224 quod
1211 3141 1483 3226 singulis
1541 3141 1618 3204 de
1664 3141 1855 3204 rebus
1901 3140 2274 3225 scriberem3

244 3227 407 3292 illud
470 3232 687 3292 autem
751 3231 887 3292 erat
950 3229 1187 3292 amoris
1250 3229 1404 3313 mei,
1470 3250 1660 3313 quem
1724 3250 1761 3290 a
1823 3231 1936 3291 tua
1997 3228 2277 3312 pueritia

170 3333 220 3372 2⁵
247 3313 612 3400 susceptum
656 3337 790 3379 non
836 3317 1084 3381 servavi
1130 3316 1357 3400 solum,
1404 3317 1515 3379 sed
1560 3316 1753 3380 etiam
1801 3316 1969 3400 auxi,
2014 3338 2275 3380 monere

244 3407 308 3468 te
355 3409 548 3488 atque
593 3404 870 3490 hortari,
917 3407 989 3467 ut
1035 3404 1103 3468 in
1149 3426 1285 3468 rem
1330 3427 1390 3487 p.
1441 3404 1616 3467 omni
1663 3404 2054 3490 cogitatione
2100 3426 2277 3468 cura-

246 3515 368 3576 que
413 3492 833 3557 incumberes
927 3491 1100 3567 Quae
1139 3492 1194 3556 si
1231 3492 1313 3554 ad
1356 3495 1542 3555 tuum
1588 3495 1841 3576 tempus
1886 3492 2275 3576 perducitur,

1843 3594 1946 3647 17*
