2567 3884
231 872 300 921 34

230 1345 318 1483 ἐξ
335 1405 558 1467 pacem
605 1383 731 1446 sibi
777 1382 1230 1466 sempiternam
1274 1382 1547 1445 redimat
1593 1387 1785 1466 atque
1832 1384 2052 1448 otium.
2121 1384 2367 1461 Quodsi

223 2720 292 2768 36

338 183 468 247 502
1091 182 1606 237 EPISTULARUM

337 326 719 410 publicanos
779 325 932 389 hinc
995 326 1285 411 intellegi
1348 328 1587 409 potest,
1649 326 1821 410 quod
1878 325 2106 390 Caunii
2160 349 2369 411 nuper

339 435 686 498 omnesque
731 435 809 477 ex
853 414 1099 498 insuliS,
1146 435 1308 497 quae
1350 417 1531 477 erant
1576 436 1614 477 a
1652 413 1829 478 Sulla
1864 413 2140 479 Rhodiis
2187 416 2368 479 attri-

337 503 558 587 butae,
604 502 1030 587 confugerunt
1075 502 1157 565 ad
1203 504 1510 586 senatum,
1557 502 1745 566 nobis
1790 506 1863 565 ut
1907 504 2126 587 potius
2172 504 2367 567 vecti-

336 591 446 677 gal
491 613 683 674 quam
726 588 1000 654 Rhodiis
1044 590 1410 674 penderent.
1502 589 1710 666 Quare
1754 612 1989 655 nomen
2032 592 2368 675 publicani

319 692 543 762 'neque
581 680 628 742 ii
667 678 900 742 debent
934 678 1215 762 horrere,
1261 679 1374 761 qui
1410 700 1659 762 semper
1694 678 2037 765 vectigales
2084 681 2367 765 fuerunt,
2426 700 2453 739 5

337 789 544 851 neque
598 767 647 829 ii
701 766 1053 850 aspernari,
1115 767 1226 849 qui
1279 787 1395 850 per
1448 787 1514 829 se
1571 767 1847 850 pendere
1901 768 2180 854 vectigal
2234 790 2369 832 non

337 858 704 939 potuerunt,
750 876 956 939 neque
993 854 1041 917 ii
1078 875 1386 938 recusare,
1434 854 1544 937 qui
1588 856 2093 937 postulaverunt.
2158 854 2371 920 Simul

339 947 404 1007 et
447 943 611 1007 illud
645 940 804 1007 Asia
849 942 1106 1043 cogitet,
1153 942 1420 1042 nullam·
1438 942 1519 1005 ab
1559 964 1625 1005 se
1669 964 1890 1044 neque·
1922 944 2077 1007 belli
2116 945 2370 1009 externi

335 1030 2100 1203 ffiuefuiss‘gffie³31²“issssminffss‘ssissffissffiessssifflmffi
2147 1034 2368 1185 232ss
2394 1142 2449 1181 ω

336 1208 679 1291 imperium
735 1228 880 1271 cum
939 1206 1202 1270 retineri
1267 1207 1403 1269 sine
1457 1207 1881 1293 vectigalibus
1932 1208 2113 1271 nullo
2168 1210 2366 1273 modo

337 1296 573 1380 possit,
637 1316 841 1378 aequo
907 1294 1121 1357 animo
1183 1298 1367 1378 parte
1430 1294 1645 1377 aliqua
1709 1317 1971 1359 suorum
2034 1297 2368 1361 fructuum

336 1492 540 1556 genus
593 1471 805 1554 ipsum
861 1474 924 1534 et
987 1492 1222 1534 nomen
1279 1470 1610 1554 publicani
1666 1493 1797 1536 non
1856 1472 2080 1555 iniquo
2147 1474 2365 1537 animo

337 1558 776 1643 sustinebunt,
826 1561 1130 1642 poterunt
1176 1558 1256 1621 iis
1304 1559 1571 1622 consilio
1618 1562 1684 1622 et
1725 1559 2067 1643 prudentia
2110 1565 2227 1625 tua
2272 1583 2367 1625 re·
2394 1580 2443 1620 15
2559 1580 2560 1647 ζ

334 1646 513 1730 liqua
565 1646 769 1711 videri
821 1646 1107 1731 mitiora3
1165 1650 1435 1730 possunt
1489 1647 1557 1709 in
1601 1648 2008 1730 pactionibus
2054 1649 2365 1713 faciendis

335 1756 466 1798 non
523 1735 732 1820 legem
793 1737 1077 1818 spectare
1138 1735 1519 1818 censoriam,
1581 1735 1692 1798 sed
1742 1736 1961 1819 potius
2014 1737 2366 1801 commodi-

334 1826 535 1887 tatem
598 1823 976 1887 conficiendi
1037 1822 1284 1907 negotii
1349 1826 1413 1887 et
1484 1822 1933 1887 liberationem
1996 1825 2365 1911 molestiae3

333 1914 517 1995 potes
573 1911 766 1975 etiam
824 1914 898 1974 tu
957 1910 1026 1974 id
1083 1910 1291 1973 facere
1304 1960 1323 1994 ,
1383 1911 1556 1994 quod
1610 1915 1673 1974 et
1727 1912 1936 1975 fecisti
1990 1914 2254 1999 egregie
2301 1918 2365 1977 et

333 2000 508 2083 facis,
544 2003 618 2062 ut
646 2020 1121 2081 commemoreS,
1159 2001 1398 2081 quanta
1434 1998 1519 2061 sit
1555 1999 1623 2061 in
1659 2000 2020 2082 publicanis
2060 2001 2365 2087 dignitas,
2392 2022 2442 2061 20

335 2092 646 2169 quantum
691 2109 809 2151 nos
855 2087 973 2150 illi·
1000 2086 1209 2150 ordini
1258 2086 1625 2171 debeamUS,
1670 2090 1745 2151 ut
1789 2091 2039 2152 remoto
2085 2089 2363 2173 imperio

333 2196 406 2237 ac
459 2176 527 2239 vi
588 2175 928 2258 potestatis
987 2177 1051 2237 et
1114 2174 1384 2237 fascium
1446 2175 1823 2258 publicanos
1886 2197 2032 2239 cum
2101 2175 2365 2242 Graecis

331 2263 541 2347 gratia
593 2266 785 2346 atque
839 2263 1219 2326 auctoritate
1265 2262 1615 2348 coniungas
1664 2263 1830 2349 [sed]
1878 2268 1942 2327 et
1988 2265 2069 2328 ab
2117 2264 2227 2349 iis,
2288 2266 2363 2329 de

334 2350 568 2432 quibus
607 2351 847 2433 optime
883 2354 956 2414 tu
992 2350 1259 2414 meritus
1298 2372 1382 2435 es,
1427 2354 1493 2413 et
1531 2350 1642 2435 qui
1688 2352 1811 2415 tibi
1850 2352 2067 2415 omnia
2106 2353 2362 2437 debent,

331 2438 456 2501 hoc
508 2442 688 2521 petas
697 2490 714 2521 ,
777 2442 850 2501 ut
904 2439 1212 2501 facilitate
1267 2461 1381 2502 sua
1434 2460 1551 2503 nos
1608 2461 1747 2502 eam
1801 2440 2361 2527 necessitudinem,
2388 2460 2435 2499 25

333 2548 494 2610 quae
541 2529 636 2589 est
679 2526 869 2589 nobis
915 2547 1060 2590 cum
1105 2526 1483 2611 publicaniS,
1532 2527 1822 2591 obtinere
1868 2532 1933 2591 et
1979 2550 2362 2594 conservare

376 2614 672 2678 atiantur.

328 2638 372 2699 P
465 2701 592 2766 Sed
636 2702 794 2786 quid
844 2723 966 2788 ego
1021 2706 1085 2766 te
1139 2703 1298 2766 haec
1340 2702 1593 2787 hortor,
1651 2725 1811 2786 quae
1864 2708 1938 2767 tu
1983 2726 2116 2767 non
2161 2704 2361 2768 modo

331 2792 536 2855 facere
580 2794 764 2874 potes
808 2795 922 2854 tua
958 2793 1186 2874 sponte
1233 2790 1369 2854 sine
1406 2790 1779 2873 cuiusquam
1823 2792 2199 2875 praeceptis,
2248 2792 2362 2857 sed

329 2880 524 2943 etiam
569 2901 804 2964 magna
847 2879 976 2942 iam
1024 2900 1102 2941 ex
1146 2881 1329 2961 parte
1374 2879 1745 2962 perfecisti?
1833 2879 1985 2944 Non
2032 2880 2206 2943 enim
2255 2881 2359 2944 de·
2386 2900 2433 2939 so

330 2968 566 3030 sistunt
628 2967 816 3031 nobis
879 2988 1067 3052 agere
1133 2966 1367 3029 cotidie
1434 2967 1676 3051 gratias
1738 2967 2229 3031 honestissimae
2293 2973 2359 3032 et

327 3056 643 3119 maximae
688 3055 1049 3139 societates3
1110 3054 1282 3137 quod
1330 3054 1587 3137 quidem
1641 3055 1803 3119 mihi
1849 3056 2087 3120 idcirco
2136 3057 2357 3120 iucun-

330 3143 472 3207 dius
510 3146 632 3227 est,
679 3143 852 3225 quod
895 3142 1066 3206 idem
1102 3142 1349 3205 faciunt
1389 3141 1639 3227 Graeci3
1689 3143 1949 3207 difficile
1995 3147 2092 3207 est
2140 3148 2355 3209 autem

327 3252 428 3315 ea,
484 3253 645 3315 quae
692 3230 1070 3313 commodi8‚
1125 3230 1407 3293 utilitate
1463 3234 1527 3293 et
1580 3252 1781 3315 prope
1827 3235 2059 3295 natura
2104 3232 2357 3296 diversa

327 3324 493 3403 sunt,
539 3318 869 3383 voluntate
907 3319 1309 3403 coniungere.
1401 3316 1490 3381 At
1528 3340 1602 3382 ea
1638 3320 1914 3405 quidem,
1960 3340 2123 3403 quae
2162 3342 2355 3405 supra
2379 3336 2427 3377 8⁵
2559 3336 2560 3385 1

327 3408 564 3490 scripta
601 3410 765 3491 sunt,
807 3428 939 3470 non
974 3409 1046 3470 ut
1083 3409 1147 3469 te
1185 3405 1606 3491 instituerem,
1644 3408 1869 3491 scripsi
1908 3404 2143 3493 (neque
2182 3410 2353 3473 enim

324 3494 666 3577 prudentia
711 3498 822 3557 tua
869 3494 1244 3578 cuiusquam
1290 3497 1628 3578 praecepta
1676 3494 2047 3583 desiderat),
2094 3497 2208 3560 sed
2250 3518 2351 3561 me
