<?xml version="1.0" encoding="UTF-8"?>
<!DOCTYPE html PUBLIC "-//W3C//DTD XHTML 1.0 Transitional//EN"
    "http://www.w3.org/TR/xhtml1/DTD/xhtml1-transitional.dtd">
<html xmlns="http://www.w3.org/1999/xhtml" xml:lang="en" lang="en">
 <head>
  <title>
</title>
<meta http-equiv="Content-Type" content="text/html;charset=utf-8" />
  <meta name='ocr-system' content='tesseract 3.04.00' />
  <meta name='ocr-capabilities' content='ocr_page ocr_carea ocr_par ocr_line ocrx_word'/>
</head>
<body>
  <div class='ocr_page' id='page_1' title='image "./scriptaquaemans02mlgoog_0430.png"; bbox 0 0 2567 3884; ppageno 0'>
   <div class='ocr_carea' id='block_1_1' title="bbox 345 181 1621 246">
    <p class='ocr_par' dir='ltr' id='par_1_1' title="bbox 345 181 1621 246">
     <span class='ocr_line' id='line_1_1' title="bbox 345 181 1621 246; baseline -0.008 -2"><span class='ocrx_word' id='word_1_1' title='bbox 345 181 475 246; x_wconf 82' lang='lat'><strong>338</strong></span> <span class='ocrx_word' id='word_1_2' title='bbox 1107 183 1621 236; x_wconf 83' lang='lat' dir='ltr'><strong>EPISTULARUM</strong></span> 
     </span>
    </p>
   </div>
   <div class='ocr_carea' id='block_1_2' title="bbox 518 393 2201 584">
    <p class='ocr_par' dir='ltr' id='par_1_2' title="bbox 518 393 2201 584">
     <span class='ocr_line' id='line_1_2' title="bbox 1276 393 1453 459; baseline -0.011 1"><span class='ocrx_word' id='word_1_3' title='bbox 1276 393 1453 459; x_wconf 90' lang='lat' dir='ltr'><strong>VIII.</strong></span> 
     </span>
     <span class='ocr_line' id='line_1_3' title="bbox 518 496 2201 584; baseline -0.002 -12"><span class='ocrx_word' id='word_1_4' title='bbox 518 516 631 572; x_wconf 84' lang='lat' dir='ltr'><strong>Ser.</strong></span> <span class='ocrx_word' id='word_1_5' title='bbox 671 517 878 572; x_wconf 84' lang='lat' dir='ltr'><strong>Romae</strong></span> <span class='ocrx_word' id='word_1_6' title='bbox 925 517 978 572; x_wconf 89' lang='lat' dir='ltr'><strong><em>V</em></strong></span> <span class='ocrx_word' id='word_1_7' title='bbox 1005 518 1094 572; x_wconf 84' lang='lat' dir='ltr'><strong>Id.</strong></span> <span class='ocrx_word' id='word_1_8' title='bbox 1133 518 1263 570; x_wconf 85' lang='lat' dir='ltr'><strong>Iwn.</strong></span> <span class='ocrx_word' id='word_1_9' title='bbox 1306 523 1405 570; x_wconf 78' lang='lat' dir='ltr'><strong>aut</strong></span> <span class='ocrx_word' id='word_1_10' title='bbox 1433 496 1610 584; x_wconf 75' lang='lat' dir='ltr'><strong>paulo</strong></span> <span class='ocrx_word' id='word_1_11' title='bbox 1639 521 1769 584; x_wconf 77' lang='lat' dir='ltr'><strong>post</strong></span> <span class='ocrx_word' id='word_1_12' title='bbox 1814 533 1864 570; x_wconf 88' lang='lat' dir='ltr'><strong>a.</strong></span> <span class='ocrx_word' id='word_1_13' title='bbox 1909 520 2013 570; x_wconf 85' lang='lat'><strong>711</strong></span> <span class='ocrx_word' id='word_1_14' title='bbox 2060 519 2201 584; x_wconf 79' lang='lat'><em>(43).</em></span> 
     </span>
    </p>
   </div>
   <div class='ocr_carea' id='block_1_3' title="bbox 1041 636 1680 693">
    <p class='ocr_par' dir='ltr' id='par_1_3' title="bbox 1041 636 1680 693">
     <span class='ocr_line' id='line_1_4' title="bbox 1041 636 1680 693; baseline -0.002 0"><span class='ocrx_word' id='word_1_15' title='bbox 1041 638 1297 693; x_wconf 84' lang='lat' dir='ltr'><strong>CICERO</strong></span> <span class='ocrx_word' id='word_1_16' title='bbox 1339 636 1583 692; x_wconf 84' lang='lat' dir='ltr'><strong>CASSIO</strong></span> <span class='ocrx_word' id='word_1_17' title='bbox 1630 637 1680 692; x_wconf 90' lang='lat' dir='ltr'><strong>S.</strong></span> 
     </span>
    </p>
   </div>
   <div class='ocr_carea' id='block_1_4' title="bbox 347 764 2560 1727">
    <p class='ocr_par' dir='ltr' id='par_1_4' title="bbox 347 764 2560 1727">
     <span class='ocr_line' id='line_1_5' title="bbox 484 764 2385 848; baseline -0.001 -19"><span class='ocrx_word' id='word_1_18' title='bbox 484 764 702 829; x_wconf 81' lang='lat' dir='ltr'><strong>Scelus</strong></span> <span class='ocrx_word' id='word_1_19' title='bbox 749 765 978 828; x_wconf 88' lang='lat' dir='ltr'><strong>adfinis</strong></span> <span class='ocrx_word' id='word_1_20' title='bbox 1024 764 1122 827; x_wconf 92' lang='lat' dir='ltr'><strong>tui</strong></span> <span class='ocrx_word' id='word_1_21' title='bbox 1165 764 1395 848; x_wconf 83' lang='lat' dir='ltr'><strong>Lepidi</strong></span> <span class='ocrx_word' id='word_1_22' title='bbox 1450 786 1893 847; x_wconf 82' lang='lat' dir='ltr'><strong>summamque</strong></span> <span class='ocrx_word' id='word_1_23' title='bbox 1938 764 2272 828; x_wconf 86' lang='lat' dir='ltr'><strong>levitatem</strong></span> <span class='ocrx_word' id='word_1_24' title='bbox 2319 767 2385 828; x_wconf 88' lang='lat' dir='ltr'><strong>et</strong></span> 
     </span>
     <span class='ocr_line' id='line_1_6' title="bbox 347 852 2560 937; baseline -0 -20"><span class='ocrx_word' id='word_1_25' title='bbox 347 853 845 917; x_wconf 73' lang='lat' dir='ltr'><strong>inconstantiam</strong></span> <span class='ocrx_word' id='word_1_26' title='bbox 900 875 979 916; x_wconf 83' lang='lat' dir='ltr'><strong>ex</strong></span> <span class='ocrx_word' id='word_1_27' title='bbox 1036 853 1226 937; x_wconf 84' lang='lat' dir='ltr'><strong>actis,</strong></span> <span class='ocrx_word' id='word_1_28' title='bbox 1289 874 1450 936; x_wconf 88' lang='lat' dir='ltr'><strong>quae</strong></span> <span class='ocrx_word' id='word_1_29' title='bbox 1505 852 1587 915; x_wconf 91' lang='lat' dir='ltr'><strong>ad</strong></span> <span class='ocrx_word' id='word_1_30' title='bbox 1641 857 1707 916; x_wconf 91' lang='lat' dir='ltr'><strong>te</strong></span> <span class='ocrx_word' id='word_1_31' title='bbox 1759 853 1937 915; x_wconf 88' lang='lat' dir='ltr'><strong>mitti</strong></span> <span class='ocrx_word' id='word_1_32' title='bbox 1992 857 2169 916; x_wconf 90' lang='lat' dir='ltr'><strong>certo</strong></span> <span class='ocrx_word' id='word_1_33' title='bbox 2230 853 2383 935; x_wconf 83' lang='lat' dir='ltr'><strong>scie,</strong></span> <span class='ocrx_word' id='word_1_34' title='bbox 2434 869 2460 908; x_wconf 82' lang='lat'><strong>5</strong></span> <span class='ocrx_word' id='word_1_35' title='bbox 2558 871 2560 932; x_wconf 59' lang='grc' dir='ltr'>ζ</span> 
     </span>
     <span class='ocr_line' id='line_1_7' title="bbox 348 938 2560 1027; baseline -0 -22"><span class='ocrx_word' id='word_1_36' title='bbox 348 963 657 1027; x_wconf 82' lang='lat' dir='ltr'><strong>cognosse</strong></span> <span class='ocrx_word' id='word_1_37' title='bbox 717 945 781 1004; x_wconf 92' lang='lat' dir='ltr'><strong>te</strong></span> <span class='ocrx_word' id='word_1_38' title='bbox 842 940 1138 1004; x_wconf 73' lang='lat' dir='ltr'><strong>arbitror.</strong></span> <span class='ocrx_word' id='word_1_39' title='bbox 1228 938 1457 1025; x_wconf 87' lang='lat' dir='ltr'><strong>Itaque</strong></span> <span class='ocrx_word' id='word_1_40' title='bbox 1516 961 1635 1003; x_wconf 91' lang='lat' dir='ltr'><strong>nos</strong></span> <span class='ocrx_word' id='word_1_41' title='bbox 1696 940 1986 1004; x_wconf 86' lang='lat' dir='ltr'><strong>confecto</strong></span> <span class='ocrx_word' id='word_1_42' title='bbox 2047 940 2250 1025; x_wconf 89' lang='lat' dir='ltr'><strong>beHo,</strong></span> <span class='ocrx_word' id='word_1_43' title='bbox 2310 945 2385 1004; x_wconf 90' lang='lat' dir='ltr'><strong>ut</strong></span> <span class='ocrx_word' id='word_1_44' title='bbox 2559 951 2560 958; x_wconf 76' lang='grc'>’</span> 
     </span>
     <span class='ocr_line' id='line_1_8' title="bbox 349 1027 2384 1113; baseline -0 -21"><span class='ocrx_word' id='word_1_45' title='bbox 349 1029 840 1113; x_wconf 82' lang='lat' dir='ltr'><strong>arbitrabamur,</strong></span> <span class='ocrx_word' id='word_1_46' title='bbox 886 1032 1265 1092; x_wconf 86' lang='lat' dir='ltr'><strong>renovatum</strong></span> <span class='ocrx_word' id='word_1_47' title='bbox 1303 1028 1547 1092; x_wconf 79' lang='lat' dir='ltr'><strong>bellum</strong></span> <span class='ocrx_word' id='word_1_48' title='bbox 1582 1027 1867 1113; x_wconf 87' lang='lat' dir='ltr'><strong>gerimus</strong></span> <span class='ocrx_word' id='word_1_49' title='bbox 1904 1050 2212 1112; x_wconf 87' lang='lat' dir='ltr'><strong>spemque</strong></span> <span class='ocrx_word' id='word_1_50' title='bbox 2252 1051 2384 1092; x_wconf 90' lang='lat' dir='ltr'><strong>om-</strong></span> 
     </span>
     <span class='ocr_line' id='line_1_9' title="bbox 347 1115 2384 1200; baseline 0 -20"><span class='ocrx_word' id='word_1_51' title='bbox 347 1139 496 1181; x_wconf 90' lang='lat' dir='ltr'><strong>nem</strong></span> <span class='ocrx_word' id='word_1_52' title='bbox 541 1117 611 1180; x_wconf 88' lang='lat' dir='ltr'><strong>in</strong></span> <span class='ocrx_word' id='word_1_53' title='bbox 646 1116 723 1180; x_wconf 92' lang='lat' dir='ltr'><strong>D.</strong></span> <span class='ocrx_word' id='word_1_54' title='bbox 761 1115 968 1180; x_wconf 89' lang='lat' dir='ltr'><strong>Bruto</strong></span> <span class='ocrx_word' id='word_1_55' title='bbox 1005 1119 1070 1179; x_wconf 87' lang='lat' dir='ltr'><strong>et</strong></span> <span class='ocrx_word' id='word_1_56' title='bbox 1103 1115 1343 1180; x_wconf 81' lang='lat' dir='ltr'><strong>Planco</strong></span> <span class='ocrx_word' id='word_1_57' title='bbox 1379 1116 1709 1200; x_wconf 78' lang='lat' dir='ltr'><strong>habemUS,</strong></span> <span class='ocrx_word' id='word_1_58' title='bbox 1755 1117 1811 1179; x_wconf 92' lang='lat' dir='ltr'><strong>si</strong></span> <span class='ocrx_word' id='word_1_59' title='bbox 1846 1137 2071 1180; x_wconf 85' lang='lat' dir='ltr'><strong>verum</strong></span> <span class='ocrx_word' id='word_1_60' title='bbox 2108 1117 2384 1200; x_wconf 77' lang='lat' dir='ltr'><strong>quaeriS,</strong></span> 
     </span>
     <span class='ocr_line' id='line_1_10' title="bbox 349 1203 2384 1288; baseline 0 -20"><span class='ocrx_word' id='word_1_61' title='bbox 349 1206 418 1269; x_wconf 92' lang='lat' dir='ltr'><strong>in</strong></span> <span class='ocrx_word' id='word_1_62' title='bbox 474 1209 539 1268; x_wconf 90' lang='lat' dir='ltr'><strong>te</strong></span> <span class='ocrx_word' id='word_1_63' title='bbox 601 1209 665 1268; x_wconf 87' lang='lat' dir='ltr'><strong>et</strong></span> <span class='ocrx_word' id='word_1_64' title='bbox 719 1204 792 1267; x_wconf 85' lang='lat' dir='ltr'><strong>in</strong></span> <span class='ocrx_word' id='word_1_65' title='bbox 849 1203 936 1266; x_wconf 88' lang='lat' dir='ltr'><strong>M.</strong></span> <span class='ocrx_word' id='word_1_66' title='bbox 982 1203 1188 1268; x_wconf 88' lang='lat' dir='ltr'><strong>Bruto</strong></span> <span class='ocrx_word' id='word_1_67' title='bbox 1242 1226 1375 1268; x_wconf 92' lang='lat' dir='ltr'><strong>non</strong></span> <span class='ocrx_word' id='word_1_68' title='bbox 1430 1204 1639 1268; x_wconf 87' lang='lat' dir='ltr'><strong>solum</strong></span> <span class='ocrx_word' id='word_1_69' title='bbox 1695 1204 1775 1266; x_wconf 88' lang='lat' dir='ltr'><strong>ad</strong></span> <span class='ocrx_word' id='word_1_70' title='bbox 1824 1226 2122 1287; x_wconf 85' lang='lat' dir='ltr'><strong>praesens</strong></span> <span class='ocrx_word' id='word_1_71' title='bbox 2169 1205 2384 1288; x_wconf 81' lang='lat' dir='ltr'><strong>perfu-</strong></span> 
     </span>
     <span class='ocr_line' id='line_1_11' title="bbox 347 1290 2460 1378; baseline -0 -22"><span class='ocrx_word' id='word_1_72' title='bbox 347 1293 547 1378; x_wconf 89' lang='lat' dir='ltr'><strong>gium,</strong></span> <span class='ocrx_word' id='word_1_73' title='bbox 593 1293 666 1376; x_wconf 89' lang='lat' dir='ltr'><strong>si,</strong></span> <span class='ocrx_word' id='word_1_74' title='bbox 713 1292 887 1376; x_wconf 89' lang='lat' dir='ltr'><strong>quod</strong></span> <span class='ocrx_word' id='word_1_75' title='bbox 919 1292 1141 1376; x_wconf 90' lang='lat' dir='ltr'><strong>nolim,</strong></span> <span class='ocrx_word' id='word_1_76' title='bbox 1187 1293 1438 1375; x_wconf 66' lang='lat' dir='ltr'><strong>adversi</strong></span> <span class='ocrx_word' id='word_1_77' title='bbox 1476 1290 1633 1376; x_wconf 90' lang='lat' dir='ltr'><strong>quid</strong></span> <span class='ocrx_word' id='word_1_78' title='bbox 1669 1291 1989 1376; x_wconf 87' lang='lat' dir='ltr'><strong>acciderit,</strong></span> <span class='ocrx_word' id='word_1_79' title='bbox 2034 1293 2148 1355; x_wconf 87' lang='lat' dir='ltr'><strong>sed</strong></span> <span class='ocrx_word' id='word_1_80' title='bbox 2186 1293 2383 1356; x_wconf 88' lang='lat' dir='ltr'><strong>etiam</strong></span> <span class='ocrx_word' id='word_1_81' title='bbox 2412 1311 2460 1347; x_wconf 90' lang='lat'><strong>1⁰</strong></span> 
     </span>
     <span class='ocr_line' id='line_1_12' title="bbox 350 1378 2383 1464; baseline 0 -20"><span class='ocrx_word' id='word_1_82' title='bbox 350 1381 431 1444; x_wconf 90' lang='lat' dir='ltr'><strong>ad</strong></span> <span class='ocrx_word' id='word_1_83' title='bbox 485 1379 1037 1443; x_wconf 86' lang='lat' dir='ltr'><strong>confirmationem</strong></span> <span class='ocrx_word' id='word_1_84' title='bbox 1096 1384 1442 1464; x_wconf 87' lang='lat' dir='ltr'><strong>perpetuae</strong></span> <span class='ocrx_word' id='word_1_85' title='bbox 1502 1379 1838 1443; x_wconf 78' lang='lat' dir='ltr'><strong>libertatis,</strong></span> <span class='ocrx_word' id='word_1_86' title='bbox 1937 1378 2078 1444; x_wconf 85' lang='lat' dir='ltr'><strong>Nos</strong></span> <span class='ocrx_word' id='word_1_87' title='bbox 2135 1380 2246 1444; x_wconf 84' lang='lat' dir='ltr'><strong>hic</strong></span> <span class='ocrx_word' id='word_1_88' title='bbox 2308 1381 2383 1444; x_wconf 90' lang='lat' dir='ltr'><strong>de</strong></span> 
     </span>
     <span class='ocr_line' id='line_1_13' title="bbox 349 1467 2386 1552; baseline 0 -22"><span class='ocrx_word' id='word_1_89' title='bbox 349 1467 690 1531; x_wconf 79' lang='lat' dir='ltr'><strong>Dolabella</strong></span> <span class='ocrx_word' id='word_1_90' title='bbox 725 1467 1157 1551; x_wconf 79' lang='lat' dir='ltr'><strong>audiebamus,</strong></span> <span class='ocrx_word' id='word_1_91' title='bbox 1205 1489 1367 1551; x_wconf 92' lang='lat' dir='ltr'><strong>quae</strong></span> <span class='ocrx_word' id='word_1_92' title='bbox 1404 1467 1731 1552; x_wconf 83' lang='lat' dir='ltr'><strong>vellemus,</strong></span> <span class='ocrx_word' id='word_1_93' title='bbox 1772 1468 1885 1532; x_wconf 90' lang='lat' dir='ltr'><strong>sed</strong></span> <span class='ocrx_word' id='word_1_94' title='bbox 1921 1471 2130 1532; x_wconf 82' lang='lat' dir='ltr'><strong>certos</strong></span> <span class='ocrx_word' id='word_1_95' title='bbox 2168 1472 2386 1532; x_wconf 89' lang='lat' dir='ltr'><strong>aucto-</strong></span> 
     </span>
     <span class='ocr_line' id='line_1_14' title="bbox 349 1555 2384 1641; baseline 0 -22"><span class='ocrx_word' id='word_1_96' title='bbox 349 1577 450 1620; x_wconf 92' lang='lat' dir='ltr'><strong>res</strong></span> <span class='ocrx_word' id='word_1_97' title='bbox 509 1577 641 1619; x_wconf 90' lang='lat' dir='ltr'><strong>non</strong></span> <span class='ocrx_word' id='word_1_98' title='bbox 697 1555 1109 1620; x_wconf 81' lang='lat' dir='ltr'><strong>habebamus,</strong></span> <span class='ocrx_word' id='word_1_99' title='bbox 1215 1555 1307 1620; x_wconf 87' lang='lat' dir='ltr'><strong>Te</strong></span> <span class='ocrx_word' id='word_1_100' title='bbox 1367 1556 1626 1638; x_wconf 88' lang='lat' dir='ltr'><strong>quidem</strong></span> <span class='ocrx_word' id='word_1_101' title='bbox 1683 1577 1992 1641; x_wconf 89' lang='lat' dir='ltr'><strong>magnum</strong></span> <span class='ocrx_word' id='word_1_102' title='bbox 2049 1556 2384 1620; x_wconf 90' lang='lat' dir='ltr'><strong>hominem</strong></span> 
     </span>
     <span class='ocr_line' id='line_1_15' title="bbox 351 1643 2383 1727; baseline 0 -20"><span class='ocrx_word' id='word_1_103' title='bbox 351 1647 417 1707; x_wconf 85' lang='lat' dir='ltr'><strong>et</strong></span> <span class='ocrx_word' id='word_1_104' title='bbox 467 1644 791 1727; x_wconf 87' lang='lat' dir='ltr'><strong>praesenti</strong></span> <span class='ocrx_word' id='word_1_105' title='bbox 845 1643 1084 1707; x_wconf 89' lang='lat' dir='ltr'><strong>iudicio</strong></span> <span class='ocrx_word' id='word_1_106' title='bbox 1139 1647 1204 1706; x_wconf 83' lang='lat' dir='ltr'><strong>et</strong></span> <span class='ocrx_word' id='word_1_107' title='bbox 1259 1644 1494 1727; x_wconf 90' lang='lat' dir='ltr'><strong>reliqui</strong></span> <span class='ocrx_word' id='word_1_108' title='bbox 1547 1644 1857 1727; x_wconf 88' lang='lat' dir='ltr'><strong>temporis</strong></span> <span class='ocrx_word' id='word_1_109' title='bbox 1904 1645 2383 1727; x_wconf 84' lang='lat' dir='ltr'><strong>exspectatione</strong></span> 
     </span>
    </p>
   </div>
   <div class='ocr_carea' id='block_1_5' title="bbox 2557 289 2563 1588">
    <p class='ocr_par' dir='ltr' id='par_1_5' title="bbox 2557 289 2563 1588">
     <span class='ocr_line' id='line_1_16' title="bbox 2557 289 2563 1588; baseline 0 0"><span class='ocrx_word' id='word_1_110' title='bbox 2557 289 2563 1588; x_wconf 95' lang='lat' dir='ltr'><strong> </strong></span> 
     </span>
    </p>
   </div>
   <div class='ocr_carea' id='block_1_6' title="bbox 349 1730 2555 1815">
    <p class='ocr_par' dir='ltr' id='par_1_6' title="bbox 349 1730 2555 1815">
     <span class='ocr_line' id='line_1_17' title="bbox 349 1730 2555 1815; baseline -0.001 -20"><span class='ocrx_word' id='word_1_111' title='bbox 349 1731 511 1796; x_wconf 89' lang='lat' dir='ltr'><strong>scito</strong></span> <span class='ocrx_word' id='word_1_112' title='bbox 559 1753 710 1796; x_wconf 89' lang='lat' dir='ltr'><strong>esse.</strong></span> <span class='ocrx_word' id='word_1_113' title='bbox 801 1730 947 1795; x_wconf 91' lang='lat' dir='ltr'><strong>Hoc</strong></span> <span class='ocrx_word' id='word_1_114' title='bbox 990 1731 1115 1795; x_wconf 87' lang='lat' dir='ltr'><strong>tibi</strong></span> <span class='ocrx_word' id='word_1_115' title='bbox 1159 1733 1495 1815; x_wconf 90' lang='lat' dir='ltr'><strong>proposito</strong></span> <span class='ocrx_word' id='word_1_116' title='bbox 1546 1733 1647 1795; x_wconf 84' lang='lat' dir='ltr'><strong>fac</strong></span> <span class='ocrx_word' id='word_1_117' title='bbox 1692 1735 1767 1795; x_wconf 87' lang='lat' dir='ltr'><strong>ut</strong></span> <span class='ocrx_word' id='word_1_118' title='bbox 1812 1732 1894 1795; x_wconf 89' lang='lat' dir='ltr'><strong>ad</strong></span> <span class='ocrx_word' id='word_1_119' title='bbox 1938 1754 2191 1795; x_wconf 88' lang='lat' dir='ltr'><strong>summa</strong></span> <span class='ocrx_word' id='word_1_120' title='bbox 2238 1754 2384 1796; x_wconf 92' lang='lat' dir='ltr'><strong>con-</strong></span> <span class='ocrx_word' id='word_1_121' title='bbox 2412 1748 2461 1788; x_wconf 85' lang='lat'><strong>15</strong></span> <span class='ocrx_word' id='word_1_122' title='bbox 2553 1781 2555 1786; x_wconf 92' lang='lat'><strong>.</strong></span> 
     </span>
    </p>
   </div>
   <div class='ocr_carea' id='block_1_7' title="bbox 348 1818 2383 1998">
    <p class='ocr_par' dir='ltr' id='par_1_7' title="bbox 348 1818 2383 1998">
     <span class='ocr_line' id='line_1_18' title="bbox 349 1818 2383 1906; baseline 0 -23"><span class='ocrx_word' id='word_1_123' title='bbox 349 1820 589 1884; x_wconf 86' lang='lat' dir='ltr'><strong>tendas.</strong></span> <span class='ocrx_word' id='word_1_124' title='bbox 680 1819 868 1885; x_wconf 84' lang='lat' dir='ltr'><strong>Nihil</strong></span> <span class='ocrx_word' id='word_1_125' title='bbox 923 1823 1018 1884; x_wconf 89' lang='lat' dir='ltr'><strong>est</strong></span> <span class='ocrx_word' id='word_1_126' title='bbox 1073 1824 1353 1904; x_wconf 90' lang='lat' dir='ltr'><strong>tantum,</strong></span> <span class='ocrx_word' id='word_1_127' title='bbox 1416 1820 1590 1903; x_wconf 90' lang='lat' dir='ltr'><strong>quod</strong></span> <span class='ocrx_word' id='word_1_128' title='bbox 1640 1841 1774 1883; x_wconf 91' lang='lat' dir='ltr'><strong>non</strong></span> <span class='ocrx_word' id='word_1_129' title='bbox 1817 1842 1877 1903; x_wconf 92' lang='lat' dir='ltr'><strong>p.</strong></span> <span class='ocrx_word' id='word_1_130' title='bbox 1925 1818 2000 1883; x_wconf 86' lang='lat' dir='ltr'><strong>R.</strong></span> <span class='ocrx_word' id='word_1_131' title='bbox 2049 1843 2087 1884; x_wconf 89' lang='lat' dir='ltr'><strong>a</strong></span> <span class='ocrx_word' id='word_1_132' title='bbox 2133 1824 2199 1884; x_wconf 89' lang='lat' dir='ltr'><strong>te</strong></span> <span class='ocrx_word' id='word_1_133' title='bbox 2244 1842 2383 1906; x_wconf 88' lang='lat' dir='ltr'><strong>per-</strong></span> 
     </span>
     <span class='ocr_line' id='line_1_19' title="bbox 348 1907 1829 1998; baseline -0.001 -26"><span class='ocrx_word' id='word_1_134' title='bbox 348 1909 457 1972; x_wconf 89' lang='lat' dir='ltr'><strong>fici</strong></span> <span class='ocrx_word' id='word_1_135' title='bbox 501 1913 694 1993; x_wconf 90' lang='lat' dir='ltr'><strong>atque</strong></span> <span class='ocrx_word' id='word_1_136' title='bbox 743 1908 1021 1992; x_wconf 88' lang='lat' dir='ltr'><strong>optineri</strong></span> <span class='ocrx_word' id='word_1_137' title='bbox 1065 1930 1252 1992; x_wconf 89' lang='lat' dir='ltr'><strong>posse</strong></span> <span class='ocrx_word' id='word_1_138' title='bbox 1304 1908 1559 1998; x_wconf 87' lang='lat' dir='ltr'><strong>iudicet.</strong></span> <span class='ocrx_word' id='word_1_139' title='bbox 1649 1907 1829 1972; x_wconf 87' lang='lat' dir='ltr'><strong>Vale.</strong></span> 
     </span>
    </p>
   </div>
   <div class='ocr_carea' id='block_1_8' title="bbox 511 2133 2242 2324">
    <p class='ocr_par' dir='ltr' id='par_1_8' title="bbox 511 2133 2242 2324">
     <span class='ocr_line' id='line_1_20' title="bbox 1309 2133 1419 2198; baseline 0 0"><span class='ocrx_word' id='word_1_140' title='bbox 1309 2133 1419 2198; x_wconf 92' lang='lat' dir='ltr'><strong>IX.</strong></span> 
     </span>
     <span class='ocr_line' id='line_1_21' title="bbox 511 2255 2242 2324; baseline -0.001 -12"><span class='ocrx_word' id='word_1_141' title='bbox 511 2258 623 2312; x_wconf 78' lang='lat' dir='ltr'><strong>Ser.</strong></span> <span class='ocrx_word' id='word_1_142' title='bbox 663 2258 872 2312; x_wconf 85' lang='lat' dir='ltr'><strong>Romae</strong></span> <span class='ocrx_word' id='word_1_143' title='bbox 909 2258 1055 2312; x_wconf 76' lang='lat' dir='ltr'><strong>inter</strong></span> <span class='ocrx_word' id='word_1_144' title='bbox 1093 2256 1254 2310; x_wconf 89' lang='lat' dir='ltr'><strong>XVI</strong></span> <span class='ocrx_word' id='word_1_145' title='bbox 1275 2256 1334 2310; x_wconf 74' lang='lat' dir='ltr'><strong>&#39;et</strong></span> <span class='ocrx_word' id='word_1_146' title='bbox 1369 2255 1483 2308; x_wconf 93' lang='lat' dir='ltr'><strong>III</strong></span> <span class='ocrx_word' id='word_1_147' title='bbox 1513 2255 1588 2308; x_wconf 90' lang='lat' dir='ltr'><strong>K.</strong></span> <span class='ocrx_word' id='word_1_148' title='bbox 1633 2255 1821 2324; x_wconf 73' lang='lat' dir='ltr'><strong>Quint.</strong></span> <span class='ocrx_word' id='word_1_149' title='bbox 1860 2273 1913 2310; x_wconf 89' lang='lat' dir='ltr'><strong>a.</strong></span> <span class='ocrx_word' id='word_1_150' title='bbox 1954 2259 2059 2309; x_wconf 84' lang='lat'><strong>711</strong></span> <span class='ocrx_word' id='word_1_151' title='bbox 2101 2259 2242 2324; x_wconf 78' lang='lat'><em>(43).</em></span> 
     </span>
    </p>
   </div>
   <div class='ocr_carea' id='block_1_9' title="bbox 1042 2375 2549 2451">
    <p class='ocr_par' dir='ltr' id='par_1_9' title="bbox 1042 2375 2549 2451">
     <span class='ocr_line' id='line_1_22' title="bbox 1042 2375 2549 2451; baseline -0.002 -18"><span class='ocrx_word' id='word_1_152' title='bbox 1042 2377 1299 2433; x_wconf 88' lang='lat' dir='ltr'><strong>CICERO</strong></span> <span class='ocrx_word' id='word_1_153' title='bbox 1339 2375 1584 2432; x_wconf 83' lang='lat' dir='ltr'><strong>CASSIO</strong></span> <span class='ocrx_word' id='word_1_154' title='bbox 1634 2377 1685 2431; x_wconf 91' lang='lat' dir='ltr'><strong>S.</strong></span> <span class='ocrx_word' id='word_1_155' title='bbox 2284 2445 2289 2451; x_wconf 27' lang='grc' dir='ltr'>Ι</span> <span class='ocrx_word' id='word_1_156' title='bbox 2412 2400 2461 2438; x_wconf 78' lang='lat'><strong>20</strong></span> <span class='ocrx_word' id='word_1_157' title='bbox 2542 2423 2549 2430; x_wconf 94' lang='lat'><strong>.</strong></span> 
     </span>
    </p>
   </div>
   <div class='ocr_carea' id='block_1_10' title="bbox 350 2521 2387 2870">
    <p class='ocr_par' dir='ltr' id='par_1_10' title="bbox 350 2521 2387 2870">
     <span class='ocr_line' id='line_1_23' title="bbox 483 2521 2386 2604; baseline -0.001 -19"><span class='ocrx_word' id='word_1_158' title='bbox 483 2521 778 2586; x_wconf 85' lang='lat' dir='ltr'><strong>Brevitas</strong></span> <span class='ocrx_word' id='word_1_159' title='bbox 832 2526 1090 2586; x_wconf 87' lang='lat' dir='ltr'><strong>tuarum</strong></span> <span class='ocrx_word' id='word_1_160' title='bbox 1145 2522 1513 2585; x_wconf 87' lang='lat' dir='ltr'><strong>litterarum</strong></span> <span class='ocrx_word' id='word_1_161' title='bbox 1566 2542 1669 2583; x_wconf 89' lang='lat' dir='ltr'><strong>me</strong></span> <span class='ocrx_word' id='word_1_162' title='bbox 1717 2541 1972 2604; x_wconf 87' lang='lat' dir='ltr'><strong>quoque</strong></span> <span class='ocrx_word' id='word_1_163' title='bbox 2018 2521 2386 2584; x_wconf 84' lang='lat' dir='ltr'><strong>breviorem</strong></span> 
     </span>
     <span class='ocr_line' id='line_1_24' title="bbox 350 2609 2387 2694; baseline -0 -21"><span class='ocrx_word' id='word_1_164' title='bbox 350 2611 418 2673; x_wconf 91' lang='lat' dir='ltr'><strong>in</strong></span> <span class='ocrx_word' id='word_1_165' title='bbox 465 2610 802 2674; x_wconf 89' lang='lat' dir='ltr'><strong>scribendo</strong></span> <span class='ocrx_word' id='word_1_166' title='bbox 848 2611 1022 2694; x_wconf 88' lang='lat' dir='ltr'><strong>facit,</strong></span> <span class='ocrx_word' id='word_1_167' title='bbox 1069 2613 1150 2694; x_wconf 87' lang='lat' dir='ltr'><strong>et,</strong></span> <span class='ocrx_word' id='word_1_168' title='bbox 1198 2631 1347 2674; x_wconf 84' lang='lat' dir='ltr'><strong>vere</strong></span> <span class='ocrx_word' id='word_1_169' title='bbox 1394 2613 1468 2673; x_wconf 90' lang='lat' dir='ltr'><strong>ut</strong></span> <span class='ocrx_word' id='word_1_170' title='bbox 1516 2609 1741 2692; x_wconf 90' lang='lat' dir='ltr'><strong>dicam,</strong></span> <span class='ocrx_word' id='word_1_171' title='bbox 1786 2630 1918 2672; x_wconf 92' lang='lat' dir='ltr'><strong>non</strong></span> <span class='ocrx_word' id='word_1_172' title='bbox 1966 2609 2121 2672; x_wconf 85' lang='lat' dir='ltr'><strong>satis</strong></span> <span class='ocrx_word' id='word_1_173' title='bbox 2171 2631 2387 2673; x_wconf 91' lang='lat' dir='ltr'><strong>occur-</strong></span> 
     </span>
     <span class='ocr_line' id='line_1_25' title="bbox 350 2696 2387 2783; baseline -0.001 -21"><span class='ocrx_word' id='word_1_174' title='bbox 350 2699 463 2783; x_wconf 91' lang='lat' dir='ltr'><strong>rit,</strong></span> <span class='ocrx_word' id='word_1_175' title='bbox 520 2698 677 2782; x_wconf 90' lang='lat' dir='ltr'><strong>quid</strong></span> <span class='ocrx_word' id='word_1_176' title='bbox 731 2698 1034 2783; x_wconf 85' lang='lat' dir='ltr'><strong>scribam3</strong></span> <span class='ocrx_word' id='word_1_177' title='bbox 1088 2702 1341 2762; x_wconf 88' lang='lat' dir='ltr'><strong>nostras</strong></span> <span class='ocrx_word' id='word_1_178' title='bbox 1398 2696 1571 2760; x_wconf 88' lang='lat' dir='ltr'><strong>enim</strong></span> <span class='ocrx_word' id='word_1_179' title='bbox 1625 2717 1726 2760; x_wconf 90' lang='lat' dir='ltr'><strong>res</strong></span> <span class='ocrx_word' id='word_1_180' title='bbox 1781 2697 1851 2759; x_wconf 90' lang='lat' dir='ltr'><strong>in</strong></span> <span class='ocrx_word' id='word_1_181' title='bbox 1896 2697 2055 2760; x_wconf 87' lang='lat' dir='ltr'><strong>actis</strong></span> <span class='ocrx_word' id='word_1_182' title='bbox 2108 2697 2387 2780; x_wconf 85' lang='lat' dir='ltr'><strong>perferri</strong></span> 
     </span>
     <span class='ocr_line' id='line_1_26' title="bbox 351 2783 2386 2870; baseline -0 -21"><span class='ocrx_word' id='word_1_183' title='bbox 351 2787 432 2850; x_wconf 90' lang='lat' dir='ltr'><strong>ad</strong></span> <span class='ocrx_word' id='word_1_184' title='bbox 485 2790 549 2850; x_wconf 88' lang='lat' dir='ltr'><strong>te</strong></span> <span class='ocrx_word' id='word_1_185' title='bbox 605 2789 780 2850; x_wconf 87' lang='lat' dir='ltr'><strong>certo</strong></span> <span class='ocrx_word' id='word_1_186' title='bbox 840 2787 1004 2870; x_wconf 89' lang='lat' dir='ltr'><strong>scio,</strong></span> <span class='ocrx_word' id='word_1_187' title='bbox 1064 2790 1208 2850; x_wconf 91' lang='lat' dir='ltr'><strong>tuas</strong></span> <span class='ocrx_word' id='word_1_188' title='bbox 1268 2788 1484 2848; x_wconf 88' lang='lat' dir='ltr'><strong>autem</strong></span> <span class='ocrx_word' id='word_1_189' title='bbox 1544 2785 1934 2870; x_wconf 81' lang='lat' dir='ltr'><strong>ignoramus,</strong></span> <span class='ocrx_word' id='word_1_190' title='bbox 2025 2783 2386 2868; x_wconf 82' lang='lat' dir='ltr'><strong>Tamquam</strong></span> 
     </span>
    </p>
   </div>
   <div class='ocr_carea' id='block_1_11' title="bbox 351 2872 2560 2957">
    <p class='ocr_par' dir='ltr' id='par_1_11' title="bbox 351 2872 2560 2957">
     <span class='ocr_line' id='line_1_27' title="bbox 351 2872 2560 2957; baseline -0.001 -19"><span class='ocrx_word' id='word_1_191' title='bbox 351 2874 524 2948; x_wconf 84' lang='lat' dir='ltr'><strong>enim</strong></span> <span class='ocrx_word' id='word_1_192' title='bbox 570 2875 783 2938; x_wconf 90' lang='lat' dir='ltr'><strong>clausa</strong></span> <span class='ocrx_word' id='word_1_193' title='bbox 829 2873 914 2937; x_wconf 91' lang='lat' dir='ltr'><strong>sit</strong></span> <span class='ocrx_word' id='word_1_194' title='bbox 957 2873 1140 2957; x_wconf 86' lang='lat' dir='ltr'><strong>Asia,</strong></span> <span class='ocrx_word' id='word_1_195' title='bbox 1197 2873 1291 2937; x_wconf 91' lang='lat' dir='ltr'><strong>sic</strong></span> <span class='ocrx_word' id='word_1_196' title='bbox 1334 2873 1500 2937; x_wconf 88' lang='lat' dir='ltr'><strong>nihil</strong></span> <span class='ocrx_word' id='word_1_197' title='bbox 1546 2873 1869 2957; x_wconf 79' lang='lat' dir='ltr'><strong>perfertur</strong></span> <span class='ocrx_word' id='word_1_198' title='bbox 1914 2872 1997 2935; x_wconf 90' lang='lat' dir='ltr'><strong>ad</strong></span> <span class='ocrx_word' id='word_1_199' title='bbox 2039 2893 2159 2936; x_wconf 91' lang='lat' dir='ltr'><strong>nos</strong></span> <span class='ocrx_word' id='word_1_200' title='bbox 2205 2895 2385 2956; x_wconf 89' lang='lat' dir='ltr'><strong>prae-</strong></span> <span class='ocrx_word' id='word_1_201' title='bbox 2412 2889 2459 2928; x_wconf 81' lang='lat'><strong>25</strong></span> <span class='ocrx_word' id='word_1_202' title='bbox 2559 2879 2560 2918; x_wconf 65' lang='lat'><em>³</em></span> 
     </span>
    </p>
   </div>
   <div class='ocr_carea' id='block_1_12' title="bbox 350 2957 2459 3574">
    <p class='ocr_par' dir='ltr' id='par_1_12' title="bbox 350 2957 2459 3574">
     <span class='ocr_line' id='line_1_28' title="bbox 350 2957 2386 3046; baseline -0.002 -19"><span class='ocrx_word' id='word_1_203' title='bbox 350 2967 453 3027; x_wconf 85' lang='lat' dir='ltr'><strong>ter</strong></span> <span class='ocrx_word' id='word_1_204' title='bbox 496 2984 785 3026; x_wconf 89' lang='lat' dir='ltr'><strong>rumores</strong></span> <span class='ocrx_word' id='word_1_205' title='bbox 842 2963 918 3025; x_wconf 91' lang='lat' dir='ltr'><strong>de</strong></span> <span class='ocrx_word' id='word_1_206' title='bbox 967 2983 1269 3046; x_wconf 89' lang='lat' dir='ltr'><strong>oppresso</strong></span> <span class='ocrx_word' id='word_1_207' title='bbox 1316 2957 1659 3024; x_wconf 84' lang='lat' dir='ltr'><strong>Dolabella</strong></span> <span class='ocrx_word' id='word_1_208' title='bbox 1712 2961 1867 3024; x_wconf 87' lang='lat' dir='ltr'><strong>satis</strong></span> <span class='ocrx_word' id='word_1_209' title='bbox 1928 2960 2075 3023; x_wconf 87' lang='lat' dir='ltr'><strong>illos</strong></span> <span class='ocrx_word' id='word_1_210' title='bbox 2122 2961 2386 3043; x_wconf 89' lang='lat' dir='ltr'><strong>quidem</strong></span> 
     </span>
     <span class='ocr_line' id='line_1_29' title="bbox 354 3047 2386 3134; baseline -0.002 -19"><span class='ocrx_word' id='word_1_211' title='bbox 354 3050 733 3134; x_wconf 88' lang='lat' dir='ltr'><strong>constantis,</strong></span> <span class='ocrx_word' id='word_1_212' title='bbox 791 3050 903 3113; x_wconf 91' lang='lat' dir='ltr'><strong>sed</strong></span> <span class='ocrx_word' id='word_1_213' title='bbox 970 3051 1178 3113; x_wconf 84' lang='lat' dir='ltr'><strong>adhuc</strong></span> <span class='ocrx_word' id='word_1_214' title='bbox 1233 3049 1371 3113; x_wconf 87' lang='lat' dir='ltr'><strong>sine</strong></span> <span class='ocrx_word' id='word_1_215' title='bbox 1427 3052 1702 3113; x_wconf 87' lang='lat' dir='ltr'><strong>auctore.</strong></span> <span class='ocrx_word' id='word_1_216' title='bbox 1791 3047 1959 3133; x_wconf 82' lang='lat' dir='ltr'><strong>Nos,</strong></span> <span class='ocrx_word' id='word_1_217' title='bbox 2020 3049 2386 3113; x_wconf 85' lang='lat' dir='ltr'><strong>confectum</strong></span> 
     </span>
     <span class='ocr_line' id='line_1_30' title="bbox 351 3135 2385 3222; baseline -0.001 -20"><span class='ocrx_word' id='word_1_218' title='bbox 351 3138 595 3202; x_wconf 93' lang='lat' dir='ltr'><strong>bellum</strong></span> <span class='ocrx_word' id='word_1_219' title='bbox 633 3160 830 3222; x_wconf 93' lang='lat' dir='ltr'><strong>quom</strong></span> <span class='ocrx_word' id='word_1_220' title='bbox 864 3141 1254 3221; x_wconf 76' lang='lat' dir='ltr'><strong>putaremUS,</strong></span> <span class='ocrx_word' id='word_1_221' title='bbox 1302 3141 1563 3222; x_wconf 89' lang='lat' dir='ltr'><strong>repente</strong></span> <span class='ocrx_word' id='word_1_222' title='bbox 1600 3159 1637 3199; x_wconf 90' lang='lat' dir='ltr'><strong>a</strong></span> <span class='ocrx_word' id='word_1_223' title='bbox 1672 3135 1918 3220; x_wconf 90' lang='lat' dir='ltr'><strong>Lepido</strong></span> <span class='ocrx_word' id='word_1_224' title='bbox 1956 3139 2071 3200; x_wconf 89' lang='lat' dir='ltr'><strong>tuo</strong></span> <span class='ocrx_word' id='word_1_225' title='bbox 2110 3137 2180 3199; x_wconf 90' lang='lat' dir='ltr'><strong>in</strong></span> <span class='ocrx_word' id='word_1_226' title='bbox 2218 3159 2385 3201; x_wconf 88' lang='lat' dir='ltr'><strong>sum-</strong></span> 
     </span>
     <span class='ocr_line' id='line_1_31' title="bbox 350 3223 2385 3309; baseline -0.001 -19"><span class='ocrx_word' id='word_1_227' title='bbox 350 3249 524 3290; x_wconf 89' lang='lat' dir='ltr'><strong>mam</strong></span> <span class='ocrx_word' id='word_1_228' title='bbox 583 3225 1083 3290; x_wconf 87' lang='lat' dir='ltr'><strong>sollicitudinem</strong></span> <span class='ocrx_word' id='word_1_229' title='bbox 1140 3247 1359 3289; x_wconf 87' lang='lat' dir='ltr'><strong>sumus</strong></span> <span class='ocrx_word' id='word_1_230' title='bbox 1414 3224 1689 3289; x_wconf 89' lang='lat' dir='ltr'><strong>adducti.</strong></span> <span class='ocrx_word' id='word_1_231' title='bbox 1778 3223 2007 3309; x_wconf 88' lang='lat' dir='ltr'><strong>Itaque</strong></span> <span class='ocrx_word' id='word_1_232' title='bbox 2065 3224 2193 3288; x_wconf 84' lang='lat' dir='ltr'><strong>tibi</strong></span> <span class='ocrx_word' id='word_1_233' title='bbox 2244 3246 2385 3308; x_wconf 86' lang='lat' dir='ltr'><strong>per-</strong></span> 
     </span>
     <span class='ocr_line' id='line_1_32' title="bbox 352 3312 2459 3397; baseline -0.001 -20"><span class='ocrx_word' id='word_1_234' title='bbox 352 3314 544 3378; x_wconf 87' lang='lat' dir='ltr'><strong>suade</strong></span> <span class='ocrx_word' id='word_1_235' title='bbox 603 3314 951 3377; x_wconf 85' lang='lat' dir='ltr'><strong>maximam</strong></span> <span class='ocrx_word' id='word_1_236' title='bbox 1010 3315 1104 3377; x_wconf 89' lang='lat' dir='ltr'><strong>rei</strong></span> <span class='ocrx_word' id='word_1_237' title='bbox 1162 3336 1223 3397; x_wconf 90' lang='lat' dir='ltr'><strong>p.</strong></span> <span class='ocrx_word' id='word_1_238' title='bbox 1271 3335 1451 3397; x_wconf 88' lang='lat' dir='ltr'><strong>spem</strong></span> <span class='ocrx_word' id='word_1_239' title='bbox 1505 3313 1574 3376; x_wconf 88' lang='lat' dir='ltr'><strong>in</strong></span> <span class='ocrx_word' id='word_1_240' title='bbox 1627 3317 1693 3377; x_wconf 86' lang='lat' dir='ltr'><strong>te</strong></span> <span class='ocrx_word' id='word_1_241' title='bbox 1748 3317 1813 3376; x_wconf 87' lang='lat' dir='ltr'><strong>et</strong></span> <span class='ocrx_word' id='word_1_242' title='bbox 1866 3313 1935 3375; x_wconf 91' lang='lat' dir='ltr'><strong>in</strong></span> <span class='ocrx_word' id='word_1_243' title='bbox 1993 3313 2126 3376; x_wconf 82' lang='lat' dir='ltr'><strong>tuis</strong></span> <span class='ocrx_word' id='word_1_244' title='bbox 2184 3312 2383 3396; x_wconf 87' lang='lat' dir='ltr'><strong>copiis</strong></span> <span class='ocrx_word' id='word_1_245' title='bbox 2412 3329 2459 3367; x_wconf 74' lang='lat'><strong>30</strong></span> 
     </span>
     <span class='ocr_line' id='line_1_33' title="bbox 354 3400 2383 3485; baseline -0.001 -20"><span class='ocrx_word' id='word_1_246' title='bbox 354 3423 503 3465; x_wconf 89' lang='lat' dir='ltr'><strong>esse.</strong></span> <span class='ocrx_word' id='word_1_247' title='bbox 593 3401 848 3466; x_wconf 88' lang='lat' dir='ltr'><strong>Firmos</strong></span> <span class='ocrx_word' id='word_1_248' title='bbox 905 3402 1166 3465; x_wconf 88' lang='lat' dir='ltr'><strong>omnino</strong></span> <span class='ocrx_word' id='word_1_249' title='bbox 1223 3401 1539 3464; x_wconf 82' lang='lat' dir='ltr'><strong>exercitus</strong></span> <span class='ocrx_word' id='word_1_250' title='bbox 1592 3400 1931 3485; x_wconf 84' lang='lat' dir='ltr'><strong>habemus,</strong></span> <span class='ocrx_word' id='word_1_251' title='bbox 1992 3400 2106 3464; x_wconf 90' lang='lat' dir='ltr'><strong>sed</strong></span> <span class='ocrx_word' id='word_1_252' title='bbox 2150 3405 2383 3483; x_wconf 89' lang='lat' dir='ltr'><strong>tamen,</strong></span> 
     </span>
     <span class='ocr_line' id='line_1_34' title="bbox 353 3488 2383 3574; baseline -0 -23"><span class='ocrx_word' id='word_1_253' title='bbox 353 3493 427 3551; x_wconf 91' lang='lat' dir='ltr'><strong>ut</strong></span> <span class='ocrx_word' id='word_1_254' title='bbox 474 3489 705 3574; x_wconf 89' lang='lat' dir='ltr'><strong>omnia,</strong></span> <span class='ocrx_word' id='word_1_255' title='bbox 751 3493 825 3553; x_wconf 90' lang='lat' dir='ltr'><strong>ut</strong></span> <span class='ocrx_word' id='word_1_256' title='bbox 861 3511 1066 3573; x_wconf 88' lang='lat' dir='ltr'><strong>spero,</strong></span> <span class='ocrx_word' id='word_1_257' title='bbox 1112 3510 1416 3573; x_wconf 87' lang='lat' dir='ltr'><strong>prospere</strong></span> <span class='ocrx_word' id='word_1_258' title='bbox 1451 3488 1819 3573; x_wconf 84' lang='lat' dir='ltr'><strong>procedant,</strong></span> <span class='ocrx_word' id='word_1_259' title='bbox 1865 3489 2146 3553; x_wconf 87' lang='lat' dir='ltr'><strong>multum</strong></span> <span class='ocrx_word' id='word_1_260' title='bbox 2190 3489 2383 3553; x_wconf 88' lang='lat' dir='ltr'><strong>inter-</strong></span> 
     </span>
    </p>
   </div>
   <div class='ocr_carea' id='block_1_13' title="bbox 2556 2287 2563 3838">
    <p class='ocr_par' dir='ltr' id='par_1_13' title="bbox 2556 2287 2563 3838">
     <span class='ocr_line' id='line_1_35' title="bbox 2556 2287 2563 3838; baseline 0 0"><span class='ocrx_word' id='word_1_261' title='bbox 2556 2287 2563 3838; x_wconf 95' lang='lat' dir='ltr'><strong> </strong></span> 
     </span>
    </p>
   </div>
  </div>
 </body>
</html>
