2567 3884
982 202 1200 257 LIBER,
1235 204 1261 257 1
1299 210 1454 259 2—4.
1843 218 1847 224 ·
2203 204 2245 268 5

217 347 726 432 commendoque
779 347 905 413 tibi
960 348 1097 413 eius
1142 346 1358 411 omnia
1411 347 1696 433 negotia,
1751 347 2047 432 libertos,
2098 369 2245 432 pro-

219 440 565 520 curatoreS,
610 435 939 521 familiam,
985 436 1053 499 in
1098 435 1452 519 primisque
1497 440 1600 520 ut,
1649 456 1810 519 quae
1855 435 1925 499 Τ.
1971 435 2246 519 Ampius

220 525 299 589 de
346 525 484 589 eius
529 545 599 587 re
656 524 962 608 decrevit,
1024 546 1097 588 ea
1150 524 1530 607 comprobes
1585 523 2010 607 omnibusque
2055 525 2246 588 rebus

220 634 371 677 eum
402 613 509 687 ,ita
552 616 811 696 tractes,
867 616 941 676 ut
994 612 1330 697 intellegat
1372 633 1584 676 meam
1630 612 2246 676 commendationem

162 720 192 759 5
218 722 355 765 non
401 700 733 786 vulgarem
778 701 989 765 fuisse.

1176 856 1290 922 IV.

442 978 557 1034 Ser.
597 978 805 1035 Romae
850 979 1067 1033 circiter
1114 979 1177 1032 X
1186 978 1237 1031 V
1270 978 1402 1033 Kal.
1446 977 1607 1033 Febr.
1647 996 1699 1032 α.
1741 981 1853 1032 698
1892 981 2032 1046 (56).

506 1102 590 1156 M.
625 1101 911 1156 CICERO
950 1100 1003 1157 S.
1033 1102 1109 1155 D.
1139 1101 1204 1156 P.
1236 1100 1627 1156 LENTULO
1661 1100 1970 1156 PROGOS.

323 1225 438 1297 A.
496 1226 553 1290 d.
606 1224 764 1290 XVI
822 1226 899 1289 K.
963 1226 1114 1290 Feb.
1152 1232 1322 1291 'cum
1390 1226 1458 1290 in
1531 1227 1753 1291 senatu
1821 1226 2247 1309 pulcherrime
2287 1244 2315 1293 1

138 1337 194 1375 10
224 1319 560 1399 staremus,
607 1315 780 1398 quod
824 1314 953 1377 iam
998 1315 1177 1378 illam
1222 1315 1605 1378 sententiam
1649 1313 1872 1378 Bibuli
1915 1315 1992 1378 de
2036 1315 2246 1379 tribus

222 1404 459 1489 legatis
502 1403 710 1487 pridie
756 1402 891 1466 eius
938 1402 1064 1467 diei
1108 1402 1521 1489 fregeramus,
1566 1424 1892 1486 unumque
1929 1407 2247 1467 certamen

226 1495 396 1555 esset
459 1491 752 1555 relictum
816 1491 1131 1554 sententia
1193 1490 1458 1556 Volcaci
1470 1544 1490 1575 ,
1559 1512 1662 1555 res
1725 1490 1805 1553 ab
1871 1490 2247 1555 adversariis

222 1579 469 1643 nostris
514 1582 797 1643 extracta
841 1582 937 1643 est
982 1579 1177 1643 variis
1222 1580 1582 1665 calumniis3
1629 1600 1882 1643 causam
1919 1579 2090 1642 en'im
2125 1580 2248 1643 fre-

227 1668 455 1751 quenti
510 1671 733 1730 senatu
784 1688 917 1731 non
974 1689 1208 1753 magna
1251 1668 1560 1732 varietate
1604 1687 1962 1751 magnaque
2007 1667 2250 1732 invidia

140 1774 196 1816 15
227 1777 482 1840 eorum,
538 1756 649 1839 qui
706 1778 743 1819 a
795 1759 860 1819 te
916 1776 1169 1819 causam
1212 1756 1458 1841 regiam
1505 1755 1630 1818 alio
1677 1755 2093 1839 traferebant,
2141 1777 2250 1839 op-

225 1844 610 1908 tinebamus.
700 1842 800 1906 Eo
847 1844 949 1907 die
994 1843 1294 1907 acerbum
1337 1843 1682 1907 habuimus
1729 1840 2097 1927 Curionem,
2143 1843 2250 1906 Bi-

225 1932 459 1995 bulum
493 1932 700 1995 multo
738 1932 1087 2015 iustiorem,
1122 1954 1324 2015 paene
1347 1932 1554 1995 ‘etiam
1591 1931 1896 2015 amicum3
1944 1929 2248 1994 Caninius

224 2023 295 2084 et
352 2018 511 2084 Cato
575 2022 893 2105 negarunt
954 2041 1020 2083 se
1078 2020 1288 2105 legem
1343 2020 1542 2084 ullam
1599 2022 1747 2082 ante
1801 2019 2062 2082 comitia
2115 2040 2249 2082 esse

226 2108 493 2172 laturos.
586 2106 855 2171 Senatus
920 2107 1147 2171 haberi
1208 2111 1356 2171 ante
1414 2108 1492 2171 K.
1553 2107 1933 2171 Februarias
1990 2129 2106 2191 per
2162 2107 2250 2170 le-

142 2216 197 2255 20
227 2218 382 2281 gem
425 2195 723 2279 Pupiam,
780 2196 847 2258 id
891 2196 1063 2279 quod
1118 2196 1265 2280 scis,
1320 2217 1452 2259 non
1505 2199 1720 2279 potest
1773 2216 1980 2277 neque
2033 2216 2250 2259 mense

227 2283 417 2347 Febr.
456 2286 595 2346 toto
631 2283 759 2347 nisi
791 2284 1092 2367 perfectis
1129 2287 1241 2347 aut
1276 2284 1530 2347 reiectis
1561 2284 2011 2369 legationibus,
2074 2282 2250 2347 Haec
2286 2308 2318 2352 2

227 2376 450 2434 tamen
495 2371 713 2454 opinio
760 2376 855 2435 est
900 2372 1125 2455 populi
1168 2370 1475 2455 Romani,
1523 2394 1560 2434 a
1603 2372 1734 2435 tuis
1778 2371 2014 2435 invidis
2059 2376 2250 2455 atque

228 2459 775 2523 obtrectatoribus
818 2480 1053 2523 nomen
1096 2459 1429 2523 inductum
1473 2460 1659 2523 fictae
1705 2459 2061 2546 religionis,
2119 2481 2250 2523 non

226 2552 368 2610 tam
412 2550 488 2609 ut
530 2551 595 2610 te
643 2546 1005 2630 impediret,
1060 2569 1253 2630 quam
1309 2552 1382 2611 ut
1435 2570 1516 2611 ne
1571 2548 1714 2631 quis
1767 2551 2034 2631 propter
2077 2568 2252 2611 exer-

144 2654 198 2694 25
229 2636 399 2699 citus
454 2634 868 2717 cupiditatem
920 2634 1378 2699 Alexandriam
1434 2636 1628 2700 vellet
1686 2636 1794 2699 ire.
1897 2635 2251 2720 Dignitatis

229 2726 450 2787 autem
494 2726 642 2787 tuae
685 2744 873 2787 nemo
930 2726 1025 2786 est
1072 2724 1228 2807 quin
1274 2724 1598 2787 existimet
1641 2723 1932 2787 habitam
1976 2744 2111 2786 esse
2154 2745 2252 2785 ra-
2317 2779 2324 2788 .

228 2811 479 2875 tionem
534 2811 613 2874 ab
668 2816 921 2895 senatu3
983 2832 1172 2875 nemo
1226 2815 1324 2875 est
1378 2812 1575 2895 enim,
1636 2811 1749 2895 qui
1800 2810 2066 2894 nesciat,
2123 2832 2250 2894 quo

225 2899 447 2963 minus
484 2898 781 2969 discessio
818 2900 1017 2983 fieret,
1053 2921 1171 2982 per
1204 2899 1599 2964 adversarios
1636 2903 1784 2964 tuos
1821 2920 1954 2963 esse
1983 2898 2252 2983 factum3

229 2988 346 3070 qui
390 3007 561 3049 nunc
604 2987 830 3070 populi
874 2988 1159 3073 nomine,
1205 3009 1275 3051 re
1321 2992 1535 3051 autem
1580 3009 1730 3051 vera
1766 2986 2252 3050 sceleratissimo

146 3094 201 3133 30
227 3076 643 3138 tribunorum
687 3075 1024 3140 latrocinio
1070 3076 1125 3139 si
1171 3096 1334 3157 quae
1380 3075 1782 3139 conabuntur
1827 3096 2039 3160 agere,
2099 3074 2254 3137 satis

228 3163 322 3227 mi
358 3162 689 3246 provisum
716 3167 837 3247 est,
874 3166 947 3225 ut
982 3184 1063 3226 ne
1100 3164 1255 3245 quid
1291 3163 1483 3228 salvis
1520 3162 1818 3246 auspiciis
1855 3166 1967 3226 aut
1999 3163 2254 3249 legibus

228 3255 343 3315 aut
390 3250 583 3315 etiam
638 3251 775 3315 sine
818 3250 885 3314 vi
944 3272 1131 3337 agere
1175 3255 1452 3334 possent.
1544 3250 1688 3337 Ego
1733 3272 1940 3334 neque
1987 3251 2063 3314 de
2107 3273 2252 3314 meo
2290 3270 2322 3317 3

228 3339 445 3403 studio
483 3359 689 3423 neque
727 3340 803 3402 de
839 3360 969 3402 non
996 3340 1324 3403 nullorum
1369 3339 1605 3401 iniuria
1651 3338 2056 3403 scribendum
2091 3340 2254 3402 mihi

230 3450 367 3492 esse
414 3426 723 3511 arbitror3
770 3427 925 3510 quid
972 3426 1141 3491 enim
1188 3431 1300 3491 aut
1343 3449 1448 3490 me
1495 3430 1840 3512 ostentem,
1888 3428 2017 3512 qui,
2064 3428 2118 3491 si
2165 3426 2256 3490 vi-

148 3531 202 3571 35
228 3519 363 3579 tam
390 3537 512 3599 pro
539 3519 651 3578 tua
688 3514 1000 3599 dignitate
1036 3515 1440 3601 profundam,
1477 3516 1722 3580 nullam
1758 3520 2008 3601 partem
2035 3515 2257 3580 videar
