2567 3884
377 230 502 294 146
1115 229 1630 284 EPISTULARUM

371 374 716 439 metuendo
769 374 925 437 mali
979 373 1064 436 sit
1118 395 1311 456 quam
1371 373 1440 437 in
1496 373 1639 457 ipso
1693 374 1835 458 1110,
1891 373 2064 458 quod
2118 373 2404 456 timetur,

373 463 612 547 desino,
647 462 1024 546 praesertim
1063 483 1208 525 cum
1244 461 1314 524 id
1349 461 1731 546 impendeat,
1768 462 1837 525 in
1874 483 2003 545 quo
2038 483 2172 524 non
2210 461 2404 525 modo

376 551 561 615 dolor
621 551 868 633 nullus,
932 571 1156 613 verum
1217 549 1367 613 finis
1432 550 1627 613 etiam
1692 549 1933 614 doloris
1985 550 2248 614 futurus
2302 549 2404 612 sit.

375 637 502 702 Sed
545 639 703 702 haec
757 639 912 701 satis
956 638 1162 701 multa
1204 637 1310 701 vel
1362 636 1550 720 plura
1602 639 1845 724 potius,
1900 660 2095 722 quam
2147 658 2405 701 necesse

371 727 524 811 fuit3
571 726 727 790 facit
773 729 988 789 autem
1031 747 1164 789 non
1209 725 1568 809 loquacitas
1612 748 1771 811 mea,
1819 727 1930 790 sed
1964 725 2469 790 benivolentia⁵

371 815 702 901 longiores
747 814 1065 898 epistolas.

512 902 808 967 Servium
846 901 1205 965 discessisse
1239 899 1518 965 Athenis
1560 901 1830 964 moleste
1866 901 2017 986 tuli3
2061 923 2196 965 non
2232 903 2407 966 enim

376 991 630 1076 dubito,
675 990 834 1074 quin
875 1011 1146 1075 magnae
1190 989 1316 1053 tibi
1360 989 1669 1053 levationi
1716 988 1943 1052 solitus
1989 989 2075 1053 sit
2122 1011 2260 1053 esse
2306 1011 2407 1054 co-

374 1079 656 1143 tidianus
713 1098 1091 1164 congressus
1143 1080 1210 1140 et
1265 1098 1477 1140 sermo
1540 1098 1687 1140 cum
1744 1076 2235 1141 familiarissimi
2291 1077 2405 1141 110-

374 1167 568 1231 minis
627 1170 767 1229 tum
832 1165 1061 1249 optimi
1125 1169 1190 1228 et
1249 1164 1738 1249 prudentissimi
1796 1165 1937 1228 viri.
2047 1165 2149 1229 Tu
2209 1165 2405 1230 velim
2428 1179 2471 1217 1⁰

374 1258 467 1339 te,
514 1258 586 1318 ut
623 1254 816 1318 debes
853 1257 917 1317 et
954 1253 1137 1336 60166,
1182 1257 1296 1316 tua
1331 1253 1571 1318 virtute
1608 1256 1938 1317 sustentes.
2029 1253 2197 1339 Ego,
2244 1275 2405 1337 quae

373 1347 440 1406 te
493 1343 659 1406 velle
715 1363 1002 1425 quaeque
1058 1341 1139 1404 ad
1191 1345 1256 1404 te
1311 1345 1376 1404 et
1433 1342 1516 1404 ad
1568 1344 1717 1404 tuos
1768 1341 2089 1425 pertinere
2137 1342 2406 1406 arbitra-

375 1431 523 1514 bor,
584 1431 800 1494 omnia
846 1430 1129 1494 studiose
1177 1429 1645 1515 diligenterque
1690 1429 1944 1493 curabo.
2036 1429 2216 1504 Quae
2262 1452 2405 1494 cum

375 1518 632 1602 faciam,
679 1517 1180 1582 benivolentiam
1224 1519 1405 1581 tuam
1450 1539 1604 1603 erga
1647 1538 1750 1580 me
1796 1518 2130 1603 imitabor,
2175 1521 2406 1582 merita

375 1627 509 1670 non
557 1607 883 1690 adsequar.
973 1605 1152 1669 Vale.
2430 1635 2468 1674 1⁵

1343 1833 1423 1897 V.

799 1953 912 2008 Ser.
949 1953 1158 2007 Romae
1192 1970 1274 2008 ex.
1314 1971 1381 2008 m.
1410 1953 1545 2007 Dec.
1590 1971 1643 2008 a.
1684 1956 1797 2008 708
1836 1956 1975 2021 (46).

836 2076 910 2130 M.
952 2075 1206 2130 CICERO
1247 2076 1299 2130 S.
1338 2077 1403 2129 D.
1442 2075 1507 2130 A.
1548 2074 1926 2130 CAECINAE.

509 2220 1093 2302 Quotienscumque
1147 2218 1355 2282 filium
1410 2223 1595 2283 tuum
1661 2218 1847 2283 video
1914 2216 2133 2304 (video
2192 2222 2405 2282 autem

376 2309 510 2373 fere
569 2306 864 2394 cotidie),
921 2307 1233 2391 polliceor
1286 2307 1347 2371 ei
1406 2307 1691 2371 studium
1751 2306 2011 2390 quidem
2066 2329 2293 2371 meum
2344 2310 2406 2369 et
2428 2322 2470 2360 2⁰

377 2416 639 2480 operam
693 2396 828 2459 sine
884 2397 1016 2459 ulla
1079 2395 1454 2478 exceptione
1510 2399 1621 2458 aut
1673 2395 1917 2458 laboris
1974 2398 2086 2458 aut
2144 2416 2409 2478 occupa-

375 2484 573 2548 tionis
629 2487 739 2547 aut
797 2483 1107 2567 temporis
1121 2534 1138 2566 ,
1197 2483 1476 2568 gratiam
1536 2487 1751 2546 autem
1811 2487 2003 2567 atque
2064 2484 2408 2546 auctorita-

374 2577 508 2636 tem
545 2593 692 2635 cum
726 2571 846 2635 hac
892 2571 1282 2655 exceptione,
1331 2575 1644 2654 quantum
1679 2570 1927 2635 valeam
1966 2575 2409 2655 quantumque

424 2660 636 2724 ossim.

376 2684 420 2745 P
507 2747 705 2812 Liber
747 2750 899 2810 tuus
945 2750 1009 2810 et
1052 2746 1256 2809 lectus
1302 2750 1399 2810 est
1443 2751 1508 2810 et
1550 2747 1793 2832 legitur
1837 2769 1875 2810 a
1916 2767 2023 2810 me
2062 2746 2410 2832 diligenter
2430 2757 2471 2799 2⁵

377 2840 443 2900 et
481 2835 839 2900 custoditur
877 2834 1384 2920 diligentissime.
1446 2833 1576 2898 Res
1610 2839 1677 2898 et
1713 2835 2009 2899 fortunae
2055 2838 2207 2898 tuae
2246 2834 2408 2898 mihi

376 2925 692 2988 maximae
758 2944 944 2986 curae
1009 2926 1184 3008 sunt3
1250 2944 1412 3005 quae
1472 2923 1731 3006 quidem
1791 2923 2025 2987 cotidie
2082 2923 2408 2987 faciliores

374 3013 540 3076 mihi
599 3015 664 3075 et
721 3011 1019 3074 meliores
1078 3010 1409 3095 videntur,
1473 3011 1823 3095 multisque
1879 3010 2068 3075 video
2132 3031 2407 3098 magnae

377 3121 514 3164 esse
561 3120 775 3184 curae3
823 3120 1096 3182 quorum
1142 3099 1220 3162 de
1265 3098 1481 3163 studio
1527 3102 1592 3162 et
1641 3099 1716 3163 de
1762 3121 1877 3162 sua
1920 3121 2032 3183 spe
2067 3099 2283 3163 filium
2328 3098 2408 3162 ad

308 3203 340 3251 2
376 3190 442 3251 te
487 3186 930 3271 perscripsisse
977 3190 1152 3251 certo
1199 3184 1528 3251 sciolis
1582 3191 1797 3251 autem
1845 3187 1921 3251 de
1967 3187 2159 3250 rebus
2167 3238 2185 3272 ,
2248 3208 2405 3271 quas
2428 3200 2468 3239 ω

378 3276 743 3340 601116611116
763 3275 1091 3376 consequi
1126 3296 1487 3359 possumus,
1532 3297 1664 3339 non
1698 3275 1863 3340 mihi
1901 3297 2102 3359 sum0‚
2150 3279 2224 3338 ut
2262 3276 2405 3358 plus

378 3363 515 3446 ipse
560 3363 964 3463 prospiciam,
1012 3384 1203 3446 quam
1239 3367 1306 3427 te
1341 3363 1559 3428 videre
1597 3367 1789 3447 atque
1834 3363 2207 3448 intellegere
2243 3362 2407 3426 1111111

378 3451 829 3536 persuaserim,
875 3451 987 3514 sed
1020 3454 1253 3534 tamen,
1300 3451 1452 3534 quia
1486 3452 1629 3515 fieri
1664 3455 1894 3536 potest,
1938 3454 2012 3515 ut
2047 3454 2121 3514 tu
2158 3472 2235 3514 ea
2268 3472 2406 3534 per-

380 3536 737 3601 turbatiore
766 3537 980 3601 animo
1009 3539 1270 3623 cogiteS,
1308 3543 1469 3622 puto
1497 3561 1634 3603 esse
1660 3561 1892 3626 meum,
1928 3539 2087 3624 quid
2112 3539 2405 3620 sentiam,
