2567 3884
952 212 1171 266 LIBER
1204 214 1283 267 ΠΙ
1322 220 1476 269 1-3.
2149 216 2236 279 55

198 356 772 441 expeditissumam
808 356 971 434 mihi
1006 356 1367 442 tradideris,
1414 357 1666 422 facilior
1703 358 1826 422 erit
1862 359 2025 423 mihi·
2053 360 2237 443 quasi

198 446 507 510 decursus
568 444 698 508 mei
760 445 1088 529 temporis.
1182 444 1354 522 Quid
1413 445 1486 510 in
1547 466 1624 510 co
1688 468 1920 532 genere
1985 448 2238 513 efficere

197 534 437 618 possiS,
500 533 600 597 tui
664 532 915 597 consilii
978 536 1104 620 est3
1168 555 1290 619 ego
1345 536 1442 618 te,
1503 534 1680 617 quod
1731 534 1856 599 tibi
1908 536 2122 600 veniet
2166 536 2237 599 in

198 626 486 687 mentem
530 643 674 685 mea
718 622 1041 706 interesse,
1087 622 1272 686 valde
1311 643 1488 707 rog0.
1562 621 1868 686 Pluribus
1903 624 2118 687 verbis
2156 624 2238 687 ad

144 727 173 768 5
200 714 269 773 te
314 710 688 793 scriberem,
742 709 798 773 si
852 713 963 773 aut
1016 714 1131 774 tua
1183 710 1552 774 humanitas
1595 710 1957 797 longiorem
2005 712 2237 776 oratio-

202 819 355 862 nem
402 800 791 882 expectaret,
838 800 949 861 aut
992 797 1063 861 id
1106 798 1253 862 fieri
1297 802 1519 863 nostra
1564 799 1848 862 amicitia
1891 803 2236 885 pateretur,

202 890 317 950 aut
363 908 465 950 res
510 885 707 950 verba
753 885 1138 950 desideraret
1184 908 1261 949 ac
1312 909 1444 951 non
1487 908 1607 971 pro
1654 910 1720 952 66
1765 887 1906 972 ipsa
1948 888 2238 972 loquere-

200 978 328 1039 tur.
420 972 565 1037 Hoc
622 973 819 1037 velim
880 973 1004 1038 tibi
1066 976 1474 1060 persuadeas,
1539 975 1595 1039 si
1657 976 2020 1040 rationibus
2075 977 2238 1041 meis

201 1062 539 1147 provisum
593 1084 631 1125 a
681 1065 749 1125 te
795 1083 929 1126 esse
984 1062 1363 1127 intellexero
1371 1114 1389 1147 ,
1447 1086 1750 1149 magnam
1804 1067 1869 1127 te
1925 1086 2005 1128 ex
2049 1085 2126 1129 eo
2172 1069 2238 1128 et

125 1171 174 1210 ιο
202 1154 585 1235 perpetuam
628 1150 1028 1234 voluptatem
1074 1171 1211 1215 esse
1256 1155 1610 1235 capturum.
1683 1150 1864 1217 Vale.

1164 1378 1279 1443 ΠΙ.

458 1498 573 1554 Ser.
612 1500 893 1554 Brundisi
928 1505 1153 1554 eaeewnte
1196 1515 1374 1554 mense
1413 1500 1576 1554 Maio
1613 1518 1664 1553 a.
1708 1504 1818 1555 703
1857 1503 1994 1569 (51).

673 1621 929 1687 CICERO
971 1621 1022 1675 S.
1061 1620 1127 1676 D.
1166 1621 1381 1675 APPIO
1418 1621 1770 1678 PULCHRO.

341 1764 421 1829 A.
462 1765 518 1829 d.
554 1783 630 1828 XI
674 1764 752 1830 K.
798 1763 937 1829 Iun.
984 1764 1403 1829 Brundisium
1449 1788 1595 1830 cum
1639 1766 1973 1849 venissem,
2021 1766 2091 1841 Q.
2121 1766 2237 1830 Fa-

124 1874 179 1915 15
206 1855 355 1918 bius
399 1852 831 1939 Vergilianus,
874 1854 1126 1939 legatus
1170 1857 1340 1939 tuUS,
1383 1854 1548 1918 mihi
1583 1858 1839 1938 praesto
1875 1856 2002 1918 fuit
2037 1876 2237 1938 eaque

204 1965 311 2007 1116
356 1963 438 2005 ex
480 1942 611 2006 tuis
655 1942 973 2005 mandatis
1016 1943 1289 2026 monuit,
1337 1964 1498 2026 quae
1534 1965 1666 2007 non
1701 1942 1882 2028 mihi,
1928 1943 2009 2006 ad
2045 1965 2236 2026 quem

204 2030 634 2116 pertinebant,
681 2031 793 2094 sed
836 2031 1136 2095 universo
1183 2032 1434 2095 senatui
1469 2035 1777 2096 venerant
1822 2032 1892 2095 in
1936 2034 2236 2115 mentem,

204 2118 527 2204 praesidio
571 2118 857 2183 firmiore
902 2140 1065 2202 opus
1100 2139 1235 2183 esse
1280 2120 1364 2182 ad
1398 2120 1590 2183 istam
1622 2119 2050 2205 provinciam3
2097 2140 2238 2184 cen-

207 2206 436 2271 sebant
494 2206 666 2270 enim
726 2228 947 2271 omnes
1006 2208 1165 2291 fere,
1224 2211 1300 2271 ut
1355 2208 1426 2272 in
1477 2206 1668 2271 Italia
1721 2208 2236 2291 supplementum

124 2316 181 2355 πο
207 2296 370 2359 meis
416 2298 481 2358 et
524 2294 747 2359 Bibuli
800 2295 1168 2391 legionibus
1222 2295 1624 2361 scriberetur.
1712 2294 1792 2359 Id
1835 2318 1982 2360 cum
2029 2294 2240 2380 Sulpi-

210 2384 347 2447 cius
408 2382 633 2447 consul
688 2405 1027 2467 passurum
1072 2406 1141 2447 se
1193 2388 1489 2470 negaret,
1547 2384 1754 2448 multa
1805 2406 1924 2449 nos
1978 2385 2239 2468 quidem

210 2471 423 2556 questi
487 2493 733 2554 611111116,
798 2472 910 2535 sed
970 2475 1189 2535 tantus
1250 2492 1594 2536 consensus
1647 2476 1906 2537 senatus
1959 2473 2112 2557 fuit,
2165 2476 2239 2535 ut

207 2563 460 2624 mature
504 2522 1071 2645 proficisceremur,
1115 2560 1472 2644 parendum
1517 2564 1591 2625 ut
1630 2562 1844 2646 fuerit,
1889 2561 2107 2644 itaque
2151 2560 2240 2623 fe-

211 2649 431 2712 cimus,
520 2646 729 2732 Nunc,
778 2648 951 2731 quod
997 2671 1034 2711 a
1078 2651 1142 2711 te
1187 2649 1349 2732 petii
1386 2649 1620 2712 litteris
1657 2650 1755 2734 iis,
1803 2672 1960 2732 quas
1994 2648 2240 2712 Romae

124 2756 179 2796 2⁵
207 2736 561 2800 tabellariis
607 2736 737 2800 tuis
784 2735 947 2821 dedi,
993 2736 1189 2800 velim
1233 2735 1357 2800 tibi
1395 2758 1583 2801 curae
1619 2738 1721 2821 sit,
1767 2741 1858 2821 ut,
1905 2758 2066 2819 quae
2103 2757 2240 2799 suc-

208 2825 446 2889 cessori
482 2824 1003 2889 coniunctissimo
1051 2828 1115 2888 et
1161 2825 1550 2889 amicissimo
1587 2824 1991 2889 commodare
2025 2827 2240 2908 potest

206 2914 293 2997 is,
342 2912 452 2996 qui
508 2912 907 2996 provinciam
962 2913 1189 2998 tradit,
1243 2917 1319 2978 ut
1373 2934 1447 2977 ea
1490 2935 1610 2998 pro
1655 2917 1876 2977 nostra
1921 2912 2241 2976 consocia-

206 3000 461 3065 tissima
516 3001 847 3066 voluntate
902 3023 1056 3065 cura
1110 3022 1184 3065 ac
1239 3002 1576 3087 diligentia
1629 3006 1742 3065 tua
1800 3001 2240 3085 complectare,

207 3092 288 3154 ut
339 3110 560 3153 omnes
612 3090 995 3176 intellegant
1048 3111 1167 3153 nec
1222 3112 1328 3154 1116
1386 3089 1883 3155 benivolentiori
1941 3089 2241 3173 cuiquam

126 3196 180 3236 so
209 3177 545 3242 succedere
589 3200 707 3242 nec
751 3182 816 3242 te
862 3178 1152 3242 amiciori
1197 3177 1485 3262 potuisse
1529 3178 1928 3262 provinciam
1972 3177 2238 3242 tradere.

343 3264 447 3329 Ex
500 3266 581 3330 iis
634 3266 900 3351 litteris,
962 3288 1234 3349 quarum
1291 3266 1372 3329 ad
1424 3289 1529 3330 me
1575 3267 1940 3349 exemplum
1983 3266 2238 3349 misisti,
2277 3282 2309 3330 2

208 3375 369 3438 quas
412 3354 483 3419 in
528 3358 755 3419 senatu
800 3355 1056 3419 recitari
1102 3354 1392 3438 voluisti,
1449 3354 1542 3418 sic
1585 3356 2055 3439 intellexeram,
2100 3377 2240 3439 per-

206 3442 449 3506 multos
500 3465 545 3505 a
602 3446 667 3506 te
726 3443 967 3508 milites
1026 3464 1163 3507 6666
1223 3442 1547 3529 dimissos3
1611 3443 1723 3507 sed
1779 3443 1943 3507 mihi
2001 3442 2240 3508 Fabius

206 3530 381 3595 idem
420 3530 880 3596 demonstravit
916 3536 981 3596 te
1019 3531 1089 3595 id
1124 3532 1440 3617 cogitasse
1477 3532 1702 3618 facere,
1749 3532 1876 3617 sed,
1924 3554 2070 3597 cum
2105 3533 2242 3617 ipse
