2567 3884
930 165 1147 219 LIBER,
1182 166 1286 220 xv
1324 172 1376 233 2,
1413 172 1462 222 3.
2079 170 2214 235 445

185 308 593 391 discederem,
631 311 703 372 ut
740 308 1009 373 consilio
1046 312 1279 393 vestr0,
1319 330 1468 373 casu
1505 310 1868 374 incredibili
1905 332 1980 375 ac
2011 334 2214 395 paene

185 397 405 460 divino
466 418 685 481 regem
697 446 715 480 ,
776 418 967 480 quem
1026 418 1141 460 vos
1198 397 1846 462 honorificentissime
1906 400 2215 482 appellas-

185 485 339 549 setis
392 484 574 548 nullo
636 483 1003 567 postulante
1060 506 1378 568 quemque
1440 508 1618 549 meae
1681 485 1833 549 fidei
1896 508 2215 551 commen-

185 572 455 636 dassetis
502 576 567 636 et
612 572 792 635 cuius
838 573 1109 636 salutem
1154 595 1426 658 magnae
1463 574 1649 637 vobis
1696 595 1882 638 curae
1929 596 2064 637 esse
2112 576 2215 639 de—

131 678 159 718 5
186 660 505 744 cressetiS,
549 682 731 723 meus
776 659 1085 724 adventus
1128 661 1573 743 praesentibus
1617 662 1868 725 insidiis
1901 661 2212 726 liberarit.

185 748 373 824 Quod
428 749 509 811 ad
552 770 668 811 vos
714 770 751 811 a
794 769 896 811 me
952 748 1145 811 scribi
1200 770 1334 811 non
1379 750 1659 813 alienum
1703 750 1954 833 putavi,
2007 756 2080 814 ut
2121 750 2214 813 in-

183 836 577 922 tellegeretis
633 856 712 899 ex
765 836 871 919 iis,
928 858 1089 920 quae
1140 859 1345 920 paene
1390 837 1782 922 acciderunt,
1835 858 1951 901 vos
2005 839 2212 902 multo

184 928 351 1009 ante,
395 945 476 987 ne
514 945 589 987 ea
633 924 1007 1008 acciderent,
1051 924 1427 1010 providisse,
1473 946 1675 1008 eoque
1712 947 1828 988 vos
1865 926 2214 990 studiosius

184 1012 306 1077 feci
353 1012 676 1094 certiores,
722 1011 897 1095 quod
940 1012 1009 1075 in
1054 1034 1204 1097 rege
1240 1012 1676 1077 Ariobarzane
1713 1035 1786 1077 ea
1830 1014 1994 1077 mihi
2029 1014 2216 1100 signa

5 1104 7 1109 '
104 1121 157 1159 10
183 1101 407 1164 videor
442 1100 721 1183 virtutiS,
768 1100 1029 1185 ingenii,
1075 1100 1227 1163 fidei
1264 1101 1873 1185 benevolentiaeque
1910 1123 2064 1187 erga
2098 1124 2215 1166 vos

182 1189 611 1272 perspexisse,
665 1190 739 1251 ut
791 1208 924 1251 non
978 1188 1114 1251 sine
1171 1210 1359 1252 causa
1404 1193 1653 1253 tantam
1700 1211 1917 1253 curam
1963 1190 2031 1254 in
2078 1191 2215 1255 eius

182 1299 296 1341 vos
342 1275 617 1340 salutem
664 1275 1191 1361 diligentiamque
1234 1276 1584 1341 videamini
1629 1278 1992 1343 contulisse.

1139 1468 1254 1533 111.

266 1590 382 1645 Ser.
420 1590 486 1643 in
519 1590 715 1644 castris
752 1590 827 1643 ad
862 1588 1441 1729 IconiumegIffiNvon.
1481 1591 1626 1660 Sept.
1666 1600 1768 1647 aut
1798 1593 1971 1663 paulo
2000 1599 2128 1661 post

5 1706 7 1711 .
101 1681 152 1720 15
1014 1678 1065 1715 a.
1387 1704 1398 1715 .

694 1763 768 1817 M.
807 1762 1063 1819 CICERO
1102 1764 1155 1818 S.
1193 1763 1261 1820 D.
1299 1764 1374 1821 M.
1413 1764 1697 1821 CATONI.

316 1888 482 1953 Cum
528 1889 610 1953 ad
652 1911 755 1954 me
801 1890 1000 1975 legati
1044 1889 1226 1954 missi
1272 1890 1354 1954 ab
1401 1887 1729 1955 Antiocho
1777 1889 2214 1977 Commageno
2256 1912 2280 1957 1

180 1978 507 2043 venissent
564 1978 633 2041 in
694 1981 900 2041 castra
958 1978 1037 2041 ad
1089 1977 1384 2042 Iconium
1439 2000 1492 2042 a.
1550 1977 1606 2042 (1
1661 1996 1740 2043 111
1793 1978 1961 2043 Non.
2021 1978 2214 2064 Sept,

180 2068 357 2150 iique
411 2066 576 2129 mihi
630 2066 1031 2129 nuntiassent
1085 2067 1259 2153 regis
1312 2065 1704 2130 Parthorum
1763 2066 1998 2150 filium,
2060 2089 2215 2150 quo-

99 2174 151 2212 20
181 2176 327 2219 011111
376 2157 544 2218 esset
586 2157 789 2237 nupta
835 2155 1005 2240 regis
1046 2154 1505 2218 Armeniorum
1551 2176 1750 2239 soror,
1797 2155 1879 2218 ad
1922 2154 2215 2239 Euphra-

179 2246 313 2307 tem
389 2264 535 2305 cum
614 2242 913 2306 maximis
983 2241 1373 2307 Parthorum
1455 2243 1657 2326 copiis
1736 2244 2214 2328 multarumque

177 2335 513 2415 praeterea
574 2330 867 2415 gentium
928 2353 1163 2431 magna
1224 2354 1421 2395 manu
1480 2331 1730 2397 venisse
1787 2331 2214 2415 Euphratem-

179 2441 304 2503 que
365 2418 496 2482 iam
548 2418 823 2481 transire
877 2419 1188 2502 coepisse,
1251 2420 1504 2502 dicique
1557 2418 1939 2485 Armenium
1994 2442 2214 2507 regem

177 2507 249 2570 in
304 2506 775 2590 Cappadociam
840 2506 1130 2589 inpetum
1199 2529 1335 2571 esse
1397 2508 1750 2591 facturum,
1812 2509 2039 2592 putavi
2091 2530 2212 2592 pro

5 2674 7 2679 Ι
98 2611 151 2651 25
177 2598 404 2659 nostra
456 2595 923 2658 necessitudine
976 2616 1079 2657 me
1131 2594 1256 2657 hoc
1311 2596 1392 2658 ad
1445 2599 1510 2659 te
1570 2597 1850 2660 scribere
1898 2600 2210 2679 oportere.

178 2682 449 2747 Publice
510 2686 779 2766 propter
843 2681 997 2745 duas
1062 2704 1281 2746 causas
1344 2682 1513 2747 nihil
1576 2684 1833 2768 scripsi,
1910 2684 2084 2767 quod
2148 2687 2212 2746 et
2249 2702 2280 2748 2

176 2770 394 2854 ipsum
442 2768 947 2856 Commagenum
999 2771 1197 2855 legati
1253 2770 1552 2835 dicebant
1606 2771 1689 2835 ad
1741 2774 2034 2835 senatum
2089 2773 2213 2834 sta-

176 2859 299 2923 tim
363 2858 627 2922 nuntios
688 2859 1065 2959 litterasque
1128 2858 1409 2941 misisse,
1484 2863 1548 2922 et
1611 2857 2061 2923 existimabam
2123 2857 2210 2921 M.

176 2946 490 3010 Bibulum
552 2968 798 3030 procos,
786 2997 827 3030 .,
892 2947 1004 3030 qui
1064 2946 1319 3011 circiter
1374 2910 1528 3010 I⁷dus
1584 2945 1754 3010 Sext.
1813 2946 1894 3009 ab
1950 2945 2210 3030 Epheso

98 3035 246 3098 30111
286 3034 543 3117 Syriam
588 3035 860 3099 navibus
904 3035 1232 3135 profectus
1279 3037 1442 3118 erat,
1491 3033 1664 3117 quod
1709 3034 2021 3097 secundos
2064 3055 2212 3097 ven-

175 3126 280 3186 tos
344 3122 710 3207 habuisset,
784 3122 915 3187 iam
976 3123 1047 3186 in
1108 3122 1508 3206 provinciam
1571 3144 1752 3185 suam
1813 3121 2211 3207 pervenisse3

177 3210 360 3275 cuius
404 3210 643 3274 litteris
690 3210 905 3275 omnia
949 3210 1224 3274 certiora
1268 3210 1589 3293 perlatum
1646 3210 1728 3273 iri
1785 3209 1867 3272 ad
1919 3213 2213 3273 senatum

174 3298 502 3381 putabam.
584 3297 750 3362 Mihi
787 3302 861 3363 ut
897 3298 966 3362 in
1003 3299 1139 3362 eius
1174 3298 1353 3361 modi
1399 3319 1468 3362 re
1514 3301 1824 3381 tantoque
1871 3297 2044 3361 bello
2081 3321 2213 3362 ma-

176 3386 388 3449 ximae
436 3407 622 3450 curae
668 3390 794 3471 est,
841 3390 939 3470 ut,
988 3408 1149 3469 quae
1198 3386 1400 3469 copiis
1445 3389 1510 3450 et
1558 3386 1790 3470 opibus
1835 3389 2055 3450 tenere
2100 3386 2212 3450 vix

97 3490 149 3529 35
173 3496 533 3560 poSSUmUS,
569 3496 643 3538 ea
676 3438 1166 3539 mansuetudine
1202 3477 1267 3537 et
1300 3474 1696 3539 continentia
1732 3478 1972 3559 nostra,
2010 3474 2212 3540 socio-
