2567 3884
1003 192 1218 245 LIBER
1255 193 1333 247 Ἦ
1368 199 1525 250 4-6,
2142 194 2267 259 147

233 354 574 418 exponere.
667 334 767 398 Ea
818 338 1050 399 natura
1094 358 1309 400 rerum
1356 340 1453 400 est
1498 341 1563 401 et
1608 338 1664 400 is
1718 340 2085 421 temporum
2132 360 2269 402 cur-

235 444 380 507 sus,
437 427 512 486 ut
565 444 699 487 non
757 424 961 507 possit
1019 424 1144 487 ista
1203 428 1315 488 aut
1372 424 1496 488 tibi
1552 428 1663 489 aut
1721 425 1948 489 ceteris
2007 426 2269 489 fortuna

235 532 378 575 esse
423 510 730 575 diuturna
781 533 989 595 neque
1033 512 1295 576 haerere
1342 512 1411 576 in
1459 517 1595 576 tam
1638 513 1810 577 bona
1856 534 2043 578 causa
2088 517 2153 577 et
2197 515 2267 577 in

234 603 376 663 tam
419 599 610 663 bonis
656 600 904 663 civibus
948 604 1082 665 tam
1119 601 1348 664 acerba
1383 601 1634 664 iniuria.
1681 602 1727 685 †
1764 599 1972 677 Quare
2010 601 2091 665 ad
2126 623 2267 665 eam
2304 619 2337 667 3

181 705 208 746 5
235 709 448 772 spem,
505 709 698 771 quam
753 692 935 753 extra
990 688 1281 752 ordinem
1338 689 1413 753 de
1466 692 1531 753 te
1584 689 1725 773 ipso
1780 689 2091 754 habemus
2135 711 2268 753 non

237 776 453 839 solum
496 779 764 859 propter
800 776 1181 861 dignitatem
1217 780 1282 841 et
1317 777 1624 841 virtutem
1658 781 1839 841 tuam
1876 775 2061 864 (haec
2096 778 2267 842 enim

239 868 622 929 ornamenta
667 866 816 927 sunt
860 864 984 927 tibi
1030 865 1225 928 etiam
1271 886 1418 928 cum
1462 865 1606 929 aliis
1643 863 2053 966 communia),
2098 887 2269 929 acce-

239 952 406 1016 dunt
459 955 574 1016 tua
624 952 968 1036 praecipua
1023 957 1292 1037 propter
1348 953 1656 1018 eximium
1714 954 2049 1054 ingenium
2100 976 2268 1017 sum-

235 1061 544 1123 mamque
597 1040 931 1125 virtutem,
977 1041 1093 1105 cui
1146 1041 1541 1105 mehercules
1600 1042 1707 1106 luc
1714 1092 1732 1127 ,
1793 1042 1972 1105 cuius
2030 1042 2101 1105 in
2156 1063 2268 1125 po-

155 1148 211 1186 1⁰
237 1132 476 1192 testate
539 1148 786 1213 sumus,
846 1128 1126 1193 multum
1187 1129 1436 1193 tribuit.
1524 1128 1751 1214 Itaque
1813 1152 1894 1194 ne
1941 1133 2267 1231 punctum

239 1216 506 1300 quidem
561 1217 869 1301 temporis
922 1218 992 1280 in
1035 1218 1161 1281 ista
1213 1218 1475 1281 fortuna
1518 1218 1772 1302 fuisseS,
1831 1218 1958 1282 nisi
2003 1239 2079 1282 eo
2124 1218 2266 1301 ipso

239 1306 418 1369 bono
465 1308 609 1389 tu0,
656 1327 783 1389 quo
831 1305 1208 1389 delectatur,
1252 1327 1321 1369 se
1365 1306 1678 1370 violatum
1720 1310 2034 1391 putasset3
2095 1305 2269 1407 quod
2340 1328 2345 1332 ·

239 1394 458 1477 ipsum
501 1393 742 1456 lenitur
786 1393 1037 1478 cotidie,
1081 1394 1608 1479 significaturque
1650 1395 1839 1458 nobis
1885 1395 1965 1458 ab
2010 1394 2110 1479 iis,
2156 1394 2268 1478 qui

239 1481 438 1545 simul
494 1502 638 1546 cum
693 1502 769 1545 eo
814 1481 1066 1566 vivunt,
1120 1482 1245 1546 tibi
1297 1482 1463 1546 hanc
1508 1483 1713 1566 ipsam
1761 1483 2130 1567 opinionem
2174 1482 2268 1545 in-

159 1587 213 1627 15
239 1569 420 1671 genii
477 1571 648 1654 apud
699 1568 886 1632 illum
937 1570 1291 1653 plurimum
1342 1571 1763 1654 profuturam.
1865 1569 2270 1672 Quapropter
2304 1587 2339 1634 4

239 1658 528 1742 primum
585 1658 687 1721 fac
745 1658 959 1721 animo
1017 1658 1174 1722 forti
1232 1662 1425 1742 atque
1482 1680 1718 1759 magno
1772 1658 1860 1722 sis
1920 1657 2042 1747 (ita
2096 1659 2267 1723 enim

241 1750 460 1831 natue,
505 1746 598 1809 ita
643 1745 973 1830 educatuS,
1017 1746 1110 1809 ita
1156 1746 1380 1810 doctus
1426 1768 1518 1832 es,
1573 1747 1665 1810 ita
1710 1747 1904 1810 etiam
1952 1747 2267 1833 cognitus,

243 1838 319 1898 ut
363 1834 491 1897 tibi
535 1833 606 1897 id
648 1833 1010 1898 faciendum
1055 1833 1187 1921 sit),
1235 1834 1461 1898 deinde
1508 1856 1685 1919 spem
1732 1856 1986 1936 quoque
2029 1834 2269 1898 habeas

240 1922 680 1987 firmissimam
733 1927 998 2007 propter
1051 1945 1156 1988 eas
1211 1944 1456 2007 causas,
1517 1944 1673 2007 quas
1728 1923 1969 2006 scripsi.
2056 1921 2121 1987 A
2164 1945 2269 1986 me

161 2030 214 2070 2⁰
240 2032 398 2075 vero
452 2010 578 2074 tibi
633 2010 848 2074 omnia
899 2010 1246 2094 liberisque
1301 2011 1431 2074 tuis
1484 2011 1889 2095 paratissima
1938 2032 2077 2073 esse
2124 2032 2269 2073 con-

241 2099 406 2163 fidas
451 2098 672 2185 velim3
718 2098 787 2162 id
830 2099 1002 2162 enim
1048 2102 1112 2162 et
1156 2102 1441 2168 vetustas
1483 2099 1691 2163 nostri
1736 2098 1972 2163 amoris
2018 2101 2083 2162 et
2125 2119 2271 2163 mea
2389 2160 2394 2165 .

243 2186 642 2340 &0322me
696 2186 766 2250 in
809 2208 986 2251 meos
1032 2190 1097 2250 et
1139 2190 1253 2251 tua
1306 2187 1512 2251 multa
1556 2210 1709 2274 erga
1752 2209 1855 2251 me
1902 2187 2117 2251 officia
2159 2209 2271 2273 po-

1204 2502 1316 2568 VI.

155 2627 214 2669 25
657 2622 770 2678 Ser.
809 2623 1016 2678 Romae
1050 2624 1174 2679 circ.
1216 2625 1290 2678 K.
1335 2625 1445 2681 Oct.
1484 2644 1536 2680 a.
1576 2629 1689 2680 708
1729 2629 1866 2694 (46).

718 2746 792 2801 M.
833 2744 1088 2800 CICERO
1128 2746 1179 2800 S.
1217 2747 1283 2801 D.
1324 2748 1388 2801 A.
1428 2746 1805 2803 CAECINAE.

379 2886 644 2973 Vereor,
688 2911 769 2953 ne
817 2889 1132 2953 desideres
1180 2890 1466 2955 officium
1500 2913 1734 2975 meum,
1782 2891 1957 2974 quod
1990 2888 2114 2953 tibi
2150 2910 2269 2972 pro
2314 2907 2340 2953 1

245 2980 470 3041 nostra
524 2980 589 3041 et
641 2977 1021 3042 meritorum
1073 2980 1427 3042 multorum
1482 2983 1547 3043 et
1605 2979 1965 3043 studiorum
2018 2976 2272 3061 parium

247 3064 698 3129 coniunctione
754 3065 966 3130 deesse
1019 3087 1151 3130 non
1207 3067 1422 3153 debet3
1447 3102 1455 3111 ·
1478 3067 1589 3131 sed
1633 3071 1847 3130 tamen
1893 3086 2145 3149 vereor,
2190 3086 2270 3127 ne

165 3173 218 3212 so
244 3154 611 3218 litterarum
655 3176 692 3217 a
736 3174 838 3218 me
894 3154 1180 3218 officium
1233 3156 1538 3238 requiras.
1630 3153 1800 3231 Quas
1853 3154 1977 3218 tibi
2032 3157 2097 3217 et
2142 3153 2273 3217 iam

241 3242 496 3327 pridem
521 3239 590 3305 ‘et
615 3262 801 3326 saepe
835 3242 1171 3327 misissem,
1206 3244 1332 3307 nisi
1370 3242 1604 3307 cotidie
1639 3242 1869 3306 melius
1899 3245 2271 3326 exspectans

243 3330 744 3417 gratulationem
806 3352 1001 3414 quam
1064 3331 1617 3395 confirmationem
1679 3331 1878 3395 animi
1940 3331 2040 3394 tui
2105 3351 2273 3394 com-

243 3418 442 3502 plecti
494 3418 730 3482 litteris
772 3419 1156 3483 maluissem.
1245 3419 1462 3504 Nunc,
1519 3423 1596 3483 ut
1640 3440 1853 3503 sper0,
1898 3418 2082 3483 brevi
2127 3440 2273 3505 gra-

243 3505 630 3591 tulabimur3
699 3506 917 3591 itaque
979 3507 1048 3570 in
1122 3508 1299 3572 aliud
1367 3512 1623 3592 tempus
1686 3507 1753 3570 id
1817 3512 2267 3594 argumentum

1852 3612 1955 3664 10¹⁸·
