2567 3884
259 785 285 832 1

335 182 465 246 398
1096 183 1616 238 EPISTULARUM

1212 396 1478 461 XXXV.

754 519 868 575 Ser.
906 520 1132 586 Romae,
1167 524 1231 572 ut
1265 518 1509 585 videtum,
1550 535 1602 572 a.
1643 520 1757 573 708
1798 521 1934 587 (46).

782 641 1037 697 CICERO
1075 638 1316 694 ACILIO
1352 638 1810 694 PROCONSULI
1848 640 1901 696 S.

462 764 529 830 C.
577 765 892 832 Avianius
942 766 1340 830 Philoxenus
1395 765 1698 849 antiquus
1753 769 1850 829 est
1898 766 2136 849 hospes
2183 791 2374 833 meus

326 857 391 917 et
425 858 682 938 praeter
715 856 1072 939 hospitium
1109 854 1295 919 valde
1333 853 1528 917 etiam
1563 854 1932 939 familiaris3
1979 876 2174 938 quem
2215 856 2374 921 Cae·
2429 878 2458 916 5

324 963 431 1005 sar
490 965 637 1008 meo
700 943 1013 1008 beneficio
1076 941 1146 1006 in
1208 941 1719 1006 Novocomensis
1782 942 2061 1028 rettulit3
2125 965 2370 1009 nomen

325 1034 542 1094 autem
578 1031 817 1095 Aviani
862 1035 1117 1095 secutus
1155 1032 1278 1113 est,
1327 1030 1501 1112 quod
1544 1029 1808 1093 homine
1852 1031 2034 1094 nullo
2079 1031 2232 1115 plus
2269 1038 2368 1097 est

324 1140 478 1182 usus
526 1141 719 1202 quam
763 1119 993 1183 Flacco
1039 1118 1318 1182 Avianio
1327 1169 1346 1202 ,
1400 1138 1546 1181 meo
1554 1168 1572 1201 ,
1619 1139 1812 1200 quem
1858 1118 1939 1181 ad
1982 1120 2254 1184 modum
2300 1126 2365 1186 te

325 1207 487 1271 seire
524 1208 824 1292 arbitror,
868 1206 1390 1271 familiarissimo,
1464 1204 1640 1282 Quae
1677 1228 1798 1292 ego
1848 1207 2063 1270 omnia
2109 1209 2367 1295 collegi,

325 1299 399 1357 ut
471 1294 878 1381 intellegeres
939 1317 1072 1359 non
1134 1294 1470 1379 vulgarem
1533 1314 1670 1357 esse
1739 1295 2367 1361 commendationem
2397 1320 2452 1359 10

323 1382 493 1446 hano
547 1405 773 1447 meam.
862 1383 1023 1447 Peto
1085 1383 1290 1469 igitur
1343 1404 1457 1465 aps
1511 1384 1604 1466 te,
1664 1385 1738 1445 ut
1792 1383 2096 1448 omnibus
2150 1385 2365 1471 rebuS,

326 1469 501 1553 quod
537 1471 675 1534 sine
715 1471 1013 1535 molestia
1056 1475 1170 1535 tua
1214 1471 1424 1534 faeere
1469 1470 1696 1553 possis,
1743 1470 1802 1533 ei
1849 1472 2220 1536 commodes
2254 1473 2368 1538 ha-

325 1559 605 1642 beasque
658 1559 727 1623 in
779 1581 1049 1624 numero
1094 1563 1358 1622 tuorum
1403 1558 1823 1643 perficiasque
1830 1610 1848 1644 ,
1905 1563 1978 1622 ut
2023 1560 2367 1651 intellegat

323 1646 441 1710 has
484 1647 735 1711 litteras
780 1669 954 1711 meas
999 1668 1236 1733 magno
1284 1646 1412 1710 sibi
1449 1646 1595 1709 usui
1631 1646 1846 1711 fuisse.
1905 1646 2056 1712 Erit
2091 1648 2163 1712 id
2199 1651 2366 1714 mihi

322 1734 634 1799 maiorem
679 1735 748 1800 in
793 1736 1059 1801 modum
1104 1739 1381 1821 gratum.
2395 1761 2446 1801 15

1205 1960 1504 2028 XXXVI.

749 2086 867 2141 Sor.
907 2086 1133 2151 Romae,
1168 2091 1232 2139 ut
1264 2085 1500 2149 videtur,
1537 2101 1590 2138 α.
1635 2086 1750 2138 708
1789 2086 1928 2152 (46).

716 2207 1007 2264 CICERO
1042 2206 1322 2262 ACILIO
1357 2204 1876 2260 PROCONSULI
1909 2207 1963 2263 S.

456 2348 621 2413 Cum
667 2349 1001 2415 Demetrio
1036 2350 1229 2437 Mega
1274 2350 1440 2413 mihi
1474 2352 1804 2415 vetustum
1848 2350 2212 2434 hospitium
2249 2361 2363 2442 est,

319 2438 728 2501 familiaritas
774 2442 991 2503 autem
1034 2443 1217 2503 tanta
1263 2442 1506 2523 quanta
1551 2459 1697 2501 oum
1746 2436 1963 2503 Siculo
2008 2440 2213 2508 nullo.
2278 2446 2362 2510 Ei
2391 2469 2442 2508 20

318 2525 659 2589 Dolabella
713 2530 947 2613 rogatu
999 2548 1145 2591 meo
1193 2527 1522 2591 civitatem
1569 2548 1606 2589 a
1654 2523 1921 2590 Caesare
1967 2527 2363 2619 impetravit,

320 2636 447 2698 qua
492 2614 562 2677 in
607 2636 677 2678 re
732 2637 853 2701 ego
910 2614 1203 2701 interfui,
1256 2615 1477 2697 itaque
1532 2635 1704 2677 nuno
1756 2613 1826 2678 P.
1868 2612 2209 2685 Cornelius
2254 2645 2364 2687 vo-

320 2705 531 2787 catur3
577 2724 851 2786 eumque
894 2707 1161 2787 propter
1197 2702 1510 2787 quosdam
1547 2701 1840 2765 sordidos
1883 2702 2201 2795 homines,
2251 2713 2363 2795 qui

321 2789 610 2855 Caesaris
655 2790 969 2854 beneficia
1011 2791 1392 2876 vendebant,
1439 2789 1761 2873 tabulam,
1806 2791 1876 2853 in
1922 2813 2050 2874 qua
2094 2800 2364 2863 nomjna

320 2878 580 2942 civitate
619 2878 1003 2943 donatorum
1040 2880 1248 2943 ineisa.
1279 2881 1507 2963 essent,
1545 2877 1768 2943 revelli
1805 2878 2113 2971 iussisset,
2152 2887 2364 2952 eidem
2391 2908 2441 2947 25

317 2965 695 3031 Dolabellae
739 2989 843 3030 me
890 2968 1188 3032 audiente
1236 2967 1469 3031 Caesar
1525 2966 1690 3029 dixit
1744 2966 1912 3030 nihil
1966 2988 2128 3058 esse,
2187 2977 2365 3058 quod

320 3053 397 3117 de
456 3052 648 3139 Mega
705 3059 1061 3142 vereretur3
1118 3055 1506 3120 beneficium
1568 3076 1756 3118 suum
1815 3054 1885 3118 in
1945 3076 2022 3120 eo
2082 3085 2361 3129 manere.

316 3140 462 3205 Hoe
505 3146 570 3206 te
618 3143 779 3206 scire
816 3144 1012 3227 volui,
1057 3148 1135 3207 ut
1178 3166 1327 3208 eum
1372 3144 1442 3206 in
1480 3142 1720 3206 civium
1756 3140 2202 3214 Romanorum
2249 3174 2363 3216 nu-

316 3250 495 3294 mero
551 3230 848 3315 haberes,
908 3233 1263 3316 ceterisque
1319 3232 1390 3295 in
1445 3230 1639 3295 rebus
1684 3231 1809 3295 tibi
1858 3254 2005 3297 eum
2052 3238 2147 3302 ita
2194 3261 2364 3304 eom-

316 3317 568 3402 mendo,
614 3322 692 3382 ut
724 3319 969 3383 maiore
1004 3321 1218 3384 studio
1254 3319 1582 3384 neminem
1616 3321 2138 3391 commendarim.
2209 3327 2361 3392 Gra·
2389 3348 2438 3386 30

314 3403 639 3469 tissimum
675 3407 840 3470 mihi
876 3408 1121 3493 feeeriS,
1168 3408 1223 3471 si
1252 3430 1401 3471 eum
1428 3409 1524 3471 ita
1548 3408 1863 3497 tractaris,
1911 3416 1985 3475 ut
2023 3415 2362 3503 intellegat

317 3511 527 3553 meam
574 3494 1193 3560 commendationem
1247 3518 1487 3584 magno
1544 3500 1670 3565 sibi
1719 3508 2100 3568 ornamento
2148 3505 2361 3591 fuisse.
