2567 3884
335 207 466 271 316
1087 207 1607 261 EPISTULARUM

324 373 604 436 possum.
696 349 789 414 'I'e
823 354 1058 434 tamen,
1104 350 1174 414 id
1210 350 1387 434 quod
1420 372 1628 436 spero,
1674 351 1963 415 omnium
2006 349 2375 415 maximum

326 444 393 504 et
437 439 865 504 clarissimum
909 439 1128 504 videre
1174 439 1385 522 cupio.

1275 595 1419 661 XV.

471 718 585 774 Sor.
624 718 836 774 Romae
869 721 1016 773 inter
1061 717 1226 773 VHI
1250 724 1304 773 et
1336 719 1453 772 ΠΙ
1481 718 1557 772 Κ.
1601 717 1789 788 Quint.
1828 737 1880 773 a.
1922 721 2029 772 711
2069 720 2209 786 (43).

676 841 751 896 M.
791 839 1048 896 CICERO
1084 841 1152 896 D.
1191 840 1437 895 BRUTO
1476 841 1623 896 COS.
1660 841 1815 895 DES.
1856 841 1909 896 S.
1948 840 2015 896 D.
2427 862 2449 901 5

259 983 286 1031 1
460 968 606 1033 Etsi
650 967 816 1032 mihi
867 971 1017 1031 tuae
1061 967 1319 1031 litterae
1373 966 1868 1031 iucundissimae
1914 969 2093 1050 sunt,
2144 968 2372 1029 tamen

327 1057 670 1121 iucundius
713 1056 857 1139 fuit,
904 1055 1079 1139 quod
1123 1055 1192 1118 in
1233 1077 1485 1118 summa
1522 1055 1938 1139 occupatione
1973 1058 2088 1118 tua
2120 1053 2371 1118 Planco

329 1145 612 1231 collegae
665 1144 1012 1227 mandasti,
1072 1146 1147 1207 ut
1199 1146 1266 1206 te
1320 1143 1485 1206 mihi
1537 1165 1654 1227 per
1706 1144 1959 1207 litteras
2004 1146 2371 1227 excusaret3

329 1233 504 1317 quod
547 1232 701 1296 fecit
737 1231 847 1295 ille
886 1232 1248 1316 diligenter.
1337 1230 1505 1295 Mihi
1550 1236 1765 1295 autem
1808 1231 1977 1294 nihil
2021 1230 2371 1294 amabilius

329 1321 546 1385 officio
591 1324 706 1383 tuo
763 1323 830 1384 et
884 1319 1236 1405 diligentia.
1331 1317 1716 1383 Coniunctio
1761 1324 1877 1384 tua
1922 1341 2068 1382 cum
2114 1318 2371 1404 collega
2400 1339 2446 1378 ιο

328 1408 795 1492 concordiaque
847 1410 1088 1492 vestra,
1148 1428 1312 1490 quae
1364 1407 1602 1471 litteris
1657 1407 2106 1471 communibus
2161 1407 2371 1470 decla-

329 1501 471 1561 rata
506 1498 621 1580 est,
665 1496 917 1560 senatui
961 1495 1334 1579 populoque
1370 1495 1665 1559 Romano
1710 1496 2079 1581 gratissima
2114 1495 2371 1558 accidit.

256 1600 288 1648 2
329 1584 518 1661 Quod
559 1587 868 1668 superest,
911 1605 1128 1668 perge,
1171 1584 1266 1647 mi
1311 1583 1531 1668 Brute,
1576 1586 1643 1647 et
1676 1583 1807 1647 iam
1840 1605 1973 1647 non
2012 1605 2158 1647 cum
2205 1583 2373 1668 aljis,

328 1673 442 1737 sed
483 1676 699 1737 tecum
743 1673 882 1756 ipse
919 1675 1108 1735 certa.
1198 1671 1399 1735 Plura
1432 1672 1713 1736 scribere
1750 1694 1885 1735 non
1922 1671 2141 1756 debeo,
2187 1694 2373 1755 prae-

328 1761 553 1825 sertim
598 1761 680 1824 ad
722 1763 808 1844 te,
854 1781 982 1845 quo
1028 1758 1344 1845 magistro
1391 1759 1729 1824 brevitatis
1773 1760 1871 1823 uti
1919 1759 2155 1846 cogito,
2229 1760 2370 1824 Lit-
2400 1778 2447 1818 15

326 1853 498 1913 teras
541 1852 688 1913 tuas
723 1848 1136 1913 vehementer
1180 1852 1500 1932 exspectO,
1546 1852 1610 1911 et
1647 1848 1905 1931 quidem
1942 1847 2109 1932 talis,
2156 1849 2373 1932 qualis

327 1938 608 2002 maxime
655 1941 828 2021 opt0.
919 1935 1102 2000 Vale.

1263 2092 1438 2158 XVI.

449 2217 564 2272 Ser.
595 2216 806 2271 Romae
841 2217 988 2271 mter
1021 2233 1102 2272 ex.
1140 2233 1210 2269 m.
1249 2214 1389 2284 Apr.
1428 2221 1480 2270 et
1513 2217 1591 2270 in.
1636 2215 1823 2285 Quint.
1866 2232 1917 2269 a.
1958 2217 2063 2269 711
2104 2217 2245 2282 (43).

676 2337 752 2393 Μ.
793 2337 1049 2392 CICERO
1086 2338 1153 2392 D.
1192 2337 1437 2392 BRUTO
1478 2337 1623 2392 COS.
1662 2335 1816 2391 DES.
1858 2337 1910 2392 S.
1949 2336 2015 2392 D.
2406 2360 2457 2399 20

261 2481 288 2529 1
461 2463 808 2549 Permagni
853 2463 1122 2527 interest
1135 2513 1152 2547 ,
1209 2484 1339 2546 quo
1385 2462 1510 2526 tibi
1554 2463 1714 2526 haec
1755 2467 2047 2546 tempore
2093 2462 2381 2547 epistola

329 2553 580 2617 reddita
631 2552 744 2635 sit,
799 2555 1020 2616 utrum
1073 2573 1220 2615 cum
1275 2549 1730 2614 sollicitudinis
1787 2550 2035 2634 aliquid
2076 2550 2378 2636 habereS,

329 2663 411 2704 an
475 2662 622 2705 cum
685 2640 766 2704 ab
833 2639 1009 2704 omni
1071 2639 1372 2703 molestia
1434 2660 1671 2703 vacuus
1735 2659 1919 2702 esses.
2018 2637 2250 2722 Itaque
2314 2641 2379 2704 ei

327 2729 650 2814 praecepi,
697 2751 888 2813 quem
936 2728 1017 2791 ad
1059 2731 1126 2791 te
1170 2726 1353 2811 misi,
1399 2731 1473 2790 ut
1517 2731 1773 2811 tempus
1820 2727 2194 2791 observaret
2240 2729 2380 2812 epi-

329 2818 532 2882 stolae
576 2817 702 2881 tibi
747 2816 1120 2881 reddendae.
1209 2814 1278 2880 N
1279 2838 1384 2879 am
1393 2867 1410 2899 ,
1458 2837 1651 2899 quem
1696 2814 1778 2878 ad
1820 2814 2103 2899 modum,
2149 2835 2377 2878 coram
2406 2833 2455 2874 25

330 2906 442 2990 qui
499 2905 579 2968 ad
632 2926 752 2969 nos
807 2903 1258 2988 intempestive
1317 2903 1583 2988 adeunt,
1642 2903 1902 2968 molesti
1956 2924 2143 2986 saepe
2198 2906 2378 2988 sunt,

329 2995 424 3058 sic
477 2991 787 3077 epistolae
837 2992 1172 3057 offendunt
1223 3013 1359 3055 non
1412 2992 1555 3056 loco
1612 2991 1915 3054 redditae.
2008 2989 2078 3055 Si
2133 2994 2379 3076 autem,

329 3086 404 3146 ut
462 3102 677 3165 spem,
739 3080 907 3145 nihil
965 3085 1031 3145 te
1089 3080 1460 3164 perturbat,
1522 3079 1691 3142 nihil
1749 3079 2052 3163 impedit,
2115 3082 2180 3142 et
2240 3079 2379 3164 ille,

329 3170 434 3234 cui
479 3169 797 3254 mandavi,
844 3169 1000 3233 satis
1045 3169 1204 3232 scite
1251 3171 1316 3232 et
1354 3167 1689 3231 commode
1734 3172 1989 3251 tempus
2036 3167 2117 3230 ad
2160 3171 2227 3230 te
2275 3187 2379 3231 ce-

327 3257 429 3341 pit
475 3257 769 3341 adeundi,
815 3257 1067 3321 confido
1113 3277 1236 3340 me,
1282 3256 1459 3339 quod
1494 3256 1716 3340 velim,
1762 3256 1950 3320 facile
1987 3277 2026 3319 a
2061 3259 2125 3319 te
2170 3254 2379 3340 impe-
2406 3274 2457 3313 so

331 3349 671 3409 traturum.

261 3446 294 3493 2
465 3432 536 3495 L.
581 3432 808 3496 Lamia
851 3436 1220 3516 praeturam
1265 3431 1449 3514 petit.
1531 3430 1677 3496 Hoc
1722 3454 1844 3518 ego
1882 3436 2033 3496 utor
2070 3453 2198 3496 uno
2239 3453 2381 3496 om—

331 3517 513 3581 nium
572 3519 952 3606 plurimum3
1011 3541 1246 3605 magna
1305 3522 1622 3605 vetustae,
1682 3543 1917 3607 magna
1977 3519 2379 3586 consuetudo
