2567 3884
908 165 1128 219 LIBER
1161 166 1266 220 XII
1302 171 1531 222 25-27.
2108 167 2232 230 361
2332 162 2339 168 ’

1105 377 1345 444 XXVI.

755 499 868 555 Ser.
911 498 1117 554 Romae
1152 515 1272 554 vere
1317 517 1368 555 a.
1410 504 1514 554 711
1558 503 1691 568 (43).

780 617 1070 678 CICERO
1110 621 1579 677 CORNIFICIO
1616 621 1669 676 S.

341 745 412 823 Q.
459 746 713 832 Turius,
759 749 872 831 qui
918 748 987 812 in
1030 747 1254 812 Africa
1300 747 1670 834 negotiatus
1717 751 1830 832 est,
1881 747 1983 812 vir
2028 748 2238 812 bonus
2276 766 2305 814 1

138 855 168 895 5
199 840 268 899 et
314 836 642 920 honestUS,
685 835 952 901 heredes
998 836 1152 900 feeit
1199 836 1442 900 similes
1477 837 1596 920 sui,
1646 834 1757 900 Cn.
1798 836 2235 921 Saturninum,

201 923 349 987 Sex.
396 922 758 1008 Aufidium,
805 923 872 988 C.
912 923 1250 1008 Anneum,
1300 922 1371 1000 Q.
1420 922 1797 988 Considium
1846 923 2121 1008 Gallum,
2165 925 2235 989 L.

203 1011 553 1076 Servilium
606 1011 1018 1096 Postumum,
1076 1011 1142 1075 O.
1188 1011 1580 1076 Rubellium.
1672 1011 1777 1076 Ex
1831 1034 2054 1077 eorum
2100 1033 2238 1076 ora-

201 1101 383 1164 tione
419 1100 710 1164 intellexi
746 1100 1103 1187 gratiarum
1141 1100 1392 1165 actione
1429 1121 1537 1164 eos
1573 1101 1781 1187 magis
1818 1122 2006 1187 egere
2044 1122 2237 1184 quam

203 1187 776 1252 commendatione.
867 1187 1074 1251 Tanta
1129 1188 1301 1252 enim
1354 1188 1744 1252 liberalitate
1798 1210 1866 1252 se
1920 1192 2032 1252 tua
2085 1209 2235 1252 usos

110 1297 172 1336 ιο
200 1276 684 1361 praedicabant,
738 1280 813 1340 ut
865 1276 946 1338 iis
1000 1277 1146 1360 plus
1193 1299 1230 1339 a
1282 1280 1349 1340 te
1402 1276 1723 1340 tributum
1777 1276 2236 1362 intellegerem,

204 1385 399 1448 quam
459 1386 581 1450 ego
638 1368 705 1428 te
764 1364 1064 1428 auderem
1122 1385 1367 1451 rogare.
1458 1363 1732 1428 Audebo
1790 1367 2037 1449 tamen3
2100 1365 2233 1427 seio
2274 1383 2305 1429 2

203 1452 396 1536 enim,
434 1456 748 1536 quantum
781 1452 1085 1535 ponderis
1111 1475 1255 1516 mea
1283 1453 1754 1517 commendatio
1792 1453 1878 1516 sit
1914 1452 2233 1516 habitura.

205 1540 416 1616 Quare
471 1562 508 1603 a
562 1545 628 1604 te
681 1545 866 1625 peto,
926 1545 1000 1604 ut
1054 1541 1136 1603 ad
1189 1561 1330 1604 eam
1381 1541 1869 1624 liberalitatem,
1926 1562 2053 1624 qua
2098 1541 2235 1604 sine

203 1628 365 1692 meis
409 1628 646 1692 litteris
682 1650 836 1692 usus
873 1650 957 1712 eS,
1003 1650 1197 1711 quam
1232 1629 1554 1692 maximus
1598 1629 1701 1691 his
1745 1629 1983 1692 litteris
2020 1650 2237 1692 eumu-

113 1735 174 1776 15
203 1717 306 1780 lus
361 1717 633 1781 accedat.
727 1715 936 1799 Caput
990 1720 1206 1779 autem
1261 1720 1359 1780 est
1412 1739 1590 1780 meae
1646 1716 2237 1801 commendationis,

202 1826 285 1868 ne
336 1805 584 1888 patiare
627 1804 897 1868 Erotem
942 1803 1239 1888 Turium,
1302 1802 1374 1880 Q.
1420 1803 1579 1867 Turi
1622 1804 1957 1888 libertum,
2012 1808 2086 1868 ut
2130 1805 2236 1868 ad-

202 1894 332 1956 hue
392 1892 570 1978 feeit,
633 1893 1058 1956 hereditatem
1120 1891 1469 1956 Turianam
1531 1896 1818 1956 avertere
1882 1891 2237 1975 ceterisque

205 1981 504 2045 omnibus
568 1980 759 2044 rebus
821 1980 1059 2044 habeas
1122 2002 1230 2043 eos
1296 2001 1333 2042 a
1394 2001 1499 2043 me
1558 1979 2235 2044 commendatissimos

202 2069 508 2155 Magnam
569 2090 650 2133 ex
722 2090 945 2132 eorum
1017 2068 1357 2152 splendore
1425 2071 1491 2132 et
1554 2067 1962 2132 observantia
2026 2067 2236 2151 capies

117 2178 176 2216 20
205 2157 618 2240 voluptatem.
712 2154 899 2232 Quod
951 2160 1025 2219 ut
1069 2156 1255 2241 velis,
1314 2159 1381 2219 te
1426 2159 1756 2221 vementer
1801 2155 1996 2220 etiam
2043 2159 2237 2240 atque

207 2245 400 2308 etiam
445 2265 626 2330 rog0.

1085 2399 1355 2466 XXVII.

756 2523 870 2579 Ser.
909 2503 1117 2577 Romae
1151 2539 1270 2576 vere
1307 2540 1359 2577 a.
1401 2525 1505 2576 711
1548 2524 1685 2590 (43).

729 2625 734 2630 ’
775 2644 1064 2700 CICERO
1101 2643 1576 2700 CORNIFICIO
1614 2645 1668 2700 S.

119 2791 176 2832 25
337 2769 480 2836 Sex.
525 2770 824 2835 Aufidius
871 2774 936 2835 et
983 2771 1406 2855 opservantia,
1454 2792 1581 2854 qua
1624 2791 1729 2832 me
1775 2768 1948 2853 colit,
1996 2769 2239 2833 aceedit

205 2861 286 2924 ad
326 2860 660 2942 proximos
697 2863 762 2924 et
797 2859 1138 2943 splendore
1174 2859 1380 2942 equiti
1415 2858 1713 2922 Romano
1758 2857 2003 2920 nemini
2042 2857 2238 2943 cedit3

204 2952 298 3012 est
361 2952 577 3012 autem
640 2948 734 3011 ita
795 2947 1170 3031 temperatis
1233 2946 1712 3029 moderatisque
1776 2944 2067 3008 moribus
2082 2995 2100 3028 ,
2164 2949 2239 3008 ut

203 3058 449 3101 summa
521 3035 828 3100 severitas
893 3057 1142 3099 summa
1214 3055 1363 3098 eum
1433 3033 1838 3098 humanitate
1910 3031 2235 3118 iungatur.

203 3123 397 3188 Cuius
433 3124 558 3188 tibi
593 3123 873 3210 negotia,
920 3145 1083 3207 quae
1119 3125 1270 3186 sunt
1318 3123 1385 3186 in
1412 3120 1653 3204 Africa,
1701 3121 1793 3183 ita
1839 3121 2237 3205 commendo,

117 3234 174 3272 30
201 3216 273 3275 ut
316 3213 559 3277 maiore
612 3212 829 3277 studio
882 3212 1170 3297 magisve
1218 3233 1298 3274 ex
1348 3210 1564 3273 animo
1612 3208 2059 3272 commendare
2104 3229 2237 3272 non

199 3301 454 3385 possim.
528 3299 914 3387 Pergratum
951 3299 1114 3363 mihi
1151 3299 1397 3382 feeeriS,
1446 3297 1501 3360 si
1550 3297 1798 3360 dederis
1837 3317 2116 3382 operam,
2163 3301 2238 3360 ut

200 3390 254 3452 is
306 3389 640 3476 intellegat
693 3411 868 3453 meas
925 3387 1096 3470 apud
1149 3390 1214 3450 te
1266 3387 1518 3450 litteras
1572 3384 1929 3468 maximum
1983 3385 2236 3468 pondus

197 3477 510 3541 habuisse.
600 3476 746 3542 Hoc
790 3481 855 3540 te
901 3476 1343 3560 vehementer,
1390 3473 1482 3537 mi
1522 3471 1846 3560 Cornifiei,
1894 3495 2072 3560 rogo,
