2567 3884
226 3301 254 3348 1

281 146 321 210 8
1033 145 1548 200 EPISTULARUM

283 293 433 354 sunt
478 311 516 352 a
563 287 829 373 Catone,
885 288 1091 373 facile,
1135 292 1210 352 ut
1257 309 1469 373 spero,
1524 288 1909 354 resistemus.
2000 287 2328 354 Amicum

283 399 362 441 ex
407 378 848 442 consularibus
892 377 1215 441 neminem
1259 377 1385 441 tibi
1429 399 1564 440 esse
1610 377 1795 441 video
1840 381 2097 460 praeter
2140 376 2326 442 Hor*

282 466 560 529 tensium
625 470 689 529 et
749 464 1117 550 Lucullum3
1191 465 1386 528 ceteri
1449 468 1597 530 sunt
1668 465 1907 549 partim
1969 466 2323 530 obscurius

285 554 518 640 iniqui,
570 553 810 638 partim
864 575 996 618 non
1043 553 1519 617 dissimulanter
1564 554 1729 618 irati.
1795 553 1893 617 Tu
1938 555 2041 618 fac
2088 553 2319 618 animo

282 641 441 706 forti
496 664 859 728 magnoque
919 642 1006 706 sis
1063 663 1404 726 speresque
1463 642 1600 705 fore
1658 646 1732 705 ut
1793 642 1997 705 fracto
2056 641 2317 726 impetu
2400 656 2441 695 5

282 729 592 795 levissimi
626 731 908 795 hominis
936 734 1114 794 tuam
1141 730 1481 815 pristinam
1508 729 1890 815 dignitatem
1927 733 1993 794 et
2026 730 2319 816 gloriam

284 839 690 903 consequare.
1298 912 1304 916 .

1239 973 1353 1040 VI.

536 1097 650 1152 Ser.
699 1097 906 1152 Romae
943 1104 1071 1166 post
1116 1095 1240 1152 XV
1278 1097 1411 1151 Kal.
1454 1097 1630 1152 Mart.
1668 1114 1720 1151 a.
1760 1100 1873 1151 698
1913 1099 2053 1164 (56).

559 1219 646 1274 M.
690 1219 978 1275 CICERO
1004 1220 1058 1275 S.
1087 1221 1165 1275 D.
1195 1219 1270 1302 P..
1290 1219 1680 1275 LENTULO
1714 1219 2024 1274 PROGOS.
2355 1221 2425 1259 1⁰

421 1344 596 1421 Quae
649 1349 980 1431 gerantur,
1035 1345 1307 1429 accipies
1350 1367 1430 1409 cx
1472 1344 1792 1429 Pollione,
1848 1345 1961 1429 qui
2006 1345 2317 1410 omnibus

288 1434 568 1519 negotiis
638 1455 770 1498 non
831 1434 1128 1497 interfuit
1189 1434 1429 1518 solum,
1502 1434 1613 1497 sed
1681 1433 1977 1518 praefuit.
2066 1433 2173 1497 Me
2238 1432 2319 1496 in

291 1543 539 1585 summo
587 1521 823 1607 dolore,
870 1543 1060 1606 quem
1106 1522 1174 1585 in
1218 1521 1349 1585 tuis
1394 1521 1585 1585 rebus
1630 1521 1831 1607 capio,
1874 1521 2151 1586 maxime
2189 1521 2317 1585 sci-
2376 1555 2389 1566 ·

287 1610 440 1673 licet
487 1611 853 1673 consolatur
896 1631 1038 1693 spes
1047 1661 1064 1693 ,
1122 1610 1296 1692 quod
1340 1609 1522 1674 valde
1577 1610 1866 1693 suspicor
1910 1610 2046 1673 fore
2092 1613 2167 1672 ut
2212 1609 2315 1673 in—

288 1698 612 1784 fringatur
643 1697 980 1761 hominum
1015 1698 1397 1781 improbitas
1438 1701 1502 1761 et
1539 1698 1821 1761 consiliis
1855 1702 2114 1762 tuorum
2152 1698 2315 1760 ami-
2350 1711 2417 1752 15

291 1806 513 1850 corum
568 1790 632 1849 et
685 1786 826 1869 ipsa
880 1786 1008 1870 die,
1064 1807 1225 1869 quae
1271 1785 1566 1849 debilitat
1611 1785 2031 1871 cogitationes
2076 1789 2141 1850 et
2186 1785 2314 1849 ini-

289 1874 605 1938 micorum
651 1877 715 1937 et
758 1873 1163 1957 proditorum
1207 1877 1485 1938 tuorum.
1583 1873 1795 1938 Facile
1840 1873 2114 1937 secundo
2158 1873 2311 1938 loco

289 1984 392 2026 me
439 1962 804 2026 consolatur
848 1962 1203 2026 recordatio
1247 1983 1539 2026 meorum
1583 1965 1970 2046 temporum,
2030 1983 2311 2045 quorum

291 2051 637 2136 imaginem
683 2050 867 2114 video
913 2050 983 2113 in
1028 2050 1218 2114 rebus
1263 2051 1425 2135 tuis3
1468 2072 1635 2134 nam,
1682 2050 1802 2113 etsi
1844 2050 2093 2114 minore
2130 2050 2198 2113 in
2236 2071 2309 2114 re

290 2138 571 2203 violatur
636 2141 748 2200 tua
817 2137 1125 2222 dignitas,
1203 2161 1395 2222 quam
1461 2160 1603 2202 mea
1670 2138 2015 2222 adflictast,
2088 2141 2309 2202 tamen
2344 2153 2407 2195 20

291 2229 389 2290 est
433 2229 612 2288 tanta
657 2225 1038 2310 similitudo,
1092 2229 1166 2289 ut
1220 2248 1470 2310 sperem
1524 2230 1589 2290 te
1640 2226 1803 2288 mihi
1847 2227 2203 2314 ignoscere,
2251 2227 2309 2290 si

291 2335 366 2377 ea
407 2335 539 2377 non
575 2313 918 2398 timuerim,
966 2336 1126 2398 quae
1162 2336 1242 2379 ne
1279 2318 1353 2378 tu
1390 2314 1646 2414 quidem
1682 2335 1988 2397 umquam
2023 2315 2310 2378 timenda

292 2402 548 2465 duxisti.
640 2400 766 2465 Sed
806 2406 1061 2486 praesta
1104 2407 1168 2465 te
1215 2424 1386 2487 eum,
1434 2402 1543 2486 qui
1588 2401 1815 2466 mihi
1820 2424 1858 2464 a
1901 2403 2186 2486 teneris',
2232 2407 2309 2466 ut

295 2489 519 2554 Graeci
557 2489 793 2576 dicunt,
832 2490 1244 2576 ‘unguiculis'
1273 2512 1341 2554 es
1361 2490 1682 2576 cognitus3
1719 2490 2107 2575 inlustrabit,
2142 2491 2309 2554 mihi

291 2579 505 2663 crede,
565 2581 743 2642 tuam
802 2579 1291 2680 amplitudinem
1347 2579 1685 2642 hominum
1743 2577 1995 2642 iniuria.
2083 2578 2146 2643 Α
2202 2600 2308 2642 me
2342 2592 2401 2632 25

292 2667 507 2731 omnia
570 2687 818 2730 summa
880 2667 948 2729 in
1011 2670 1075 2731 te
1139 2666 1351 2731 studia
1413 2666 1750 2750 officiaque
1813 2670 2105 2752 expecta3
2176 2688 2311 2732 non

291 2756 510 2819 fallam
557 2755 925 2838 opinionem
969 2757 1165 2818 tuam.

1225 2909 1371 2976 VII.

503 3033 615 3089 Ser.
663 3034 870 3088 Romae
915 3039 1140 3088 eaeewnte
1190 3049 1366 3088 nieme
1418 3032 1657 3102 Quintili
1700 3049 1753 3087 a.
1804 3036 1916 3086 698
1955 3035 2092 3100 (56).

575 3157 659 3211 M.
695 3157 984 3212 CICERO
1011 3156 1063 3212 S.
1094 3156 1170 3209 D.
1201 3154 1266 3210 P.
1298 3155 1687 3210 LENTULO
1715 3153 2023 3210 PROOOS.
2342 3157 2395 3195 3⁰

426 3281 586 3366 Legi
648 3285 790 3344 tuas
847 3282 1122 3365 litteraS,
1189 3280 1423 3363 quibus
1482 3280 1563 3343 ad
1614 3303 1718 3344 me
1774 3280 2000 3344 scribis
2054 3282 2315 3365 gratum

293 3370 416 3434 tibi
463 3390 614 3453 esse,
662 3370 834 3452 quod
879 3369 1103 3434 crebro
1152 3369 1388 3432 certior
1430 3390 1546 3451 per
1589 3391 1692 3432 me
1738 3370 1854 3433 fias
1901 3368 1977 3431 de
2014 3367 2315 3432 omnibus

293 3457 484 3522 rebus
521 3461 586 3520 et
620 3479 828 3521 meam
875 3479 1027 3542 erga
1063 3459 1128 3520 te
1163 3456 1677 3521 benevolentiam
1719 3457 1904 3521 facile
1940 3455 2317 3541 perspicias3
