2567 3884
299 161 340 222 3
353 160 434 223 12
1056 160 1574 215 EPISTULARUM

293 305 606 386 quantum
667 303 1032 386 persolvere
1099 303 1362 368 difficile
1427 306 1541 367 est.
1642 302 1885 387 Scripsi
1947 303 2097 388 tibi,
2164 325 2337 388 quae

290 390 399 453 hic
443 395 836 476 gererentur.
926 389 1005 455 In
1057 392 1290 455 itinere
1336 395 1434 455 est
1477 390 1830 476 Antonine,
1886 393 1968 455 ad
2009 392 2333 476 Lepidum

290 479 748 563 proficiscitur3
806 502 888 543 ne
944 480 1020 544 de
1074 479 1315 544 Planco
1372 479 1633 563 quidem
1678 501 1856 581 spem
1903 480 2111 544 adhuc
2156 481 2333 544 abie-

293 566 399 650 cit,
445 570 520 630 ut
566 588 646 630 ex
698 531 938 632 libellis
985 567 1122 632 eius
1169 568 1625 652 animadverti,
1672 569 1783 651 qui
1828 569 1898 632 in
1942 590 2046 632 me
2091 568 2331 632 incide-

291 617 471 740 runt3
517 654 586 718 in
633 655 895 740 quibus,
951 677 1112 740 quos
1158 657 1239 719 ad
1283 654 1613 740 Asinium,
1660 677 1823 739 quos
1866 656 1948 720 ad
1992 656 2330 740 Lepidum,
2388 675 2416 715 5

292 763 455 826 quos
492 742 575 806 ad
609 742 921 807 Plancum
955 744 1263 828 mitteret,
1311 744 1651 808 scribebat.
1741 743 1887 830 Ego
1932 748 2150 808 tamen
2193 765 2331 808 non

289 828 492 894 habui
537 831 917 917 ambiguum
963 836 1029 895 et
1074 831 1295 895 statim
1340 832 1422 895 ad
1466 832 1777 896 Plancum
1821 832 1970 896 misi
2016 836 2080 896 et
2125 832 2331 896 biduo

293 918 373 982 ab
403 917 874 1005 Allobrogibus
911 923 977 984 et
1011 919 1216 983 totius
1255 918 1500 984 Galliae
1537 920 1786 1006 legatos
1824 923 2117 1005 expect03
2164 941 2331 1004 quos

294 1009 708 1071 confirmatos
773 1007 1036 1071 domum
1100 1009 1445 1072 remittam.
1536 1009 1666 1093 Tu,
1732 1030 1894 1093 quae
1958 1008 2106 1072 istic
2165 1030 2332 1092 opus

293 1099 482 1159 erunt
528 1095 984 1180 administrari,
1029 1096 1400 1181 prospicies,
1444 1100 1519 1160 ut
1564 1119 1645 1160 ex
1688 1101 1803 1161 tua
1837 1097 2169 1161 voluntate
2208 1098 2330 1160 rei·
2364 1117 2417 1156 10

291 1205 416 1267 que
459 1183 756 1267 publicae
803 1184 1142 1248 commodo
1187 1185 1363 1248 fiant.
1453 1184 1945 1249 Malevolentiae
1988 1185 2332 1249 hominum

290 1272 360 1334 in
404 1293 535 1356 me,
582 1273 638 1336 si
681 1272 954 1357 poteriS,
1010 1294 1336 1358 occurres3
1382 1273 1437 1336 si
1482 1295 1615 1337 non
1659 1274 1966 1357 potueriS,
2009 1273 2135 1336 hoc
2181 1295 2333 1337 con-

291 1359 599 1444 solabere,
648 1360 821 1443 quod
866 1383 969 1424 me
1009 1360 1085 1424 de
1127 1365 1301 1425 statu
1346 1382 1491 1425 meo
1536 1361 1734 1425 nullis
1780 1361 2189 1425 contumeliis
2228 1361 2334 1424 de-

243 1482 246 1486 ·
290 1451 532 1511 terrere
577 1453 865 1530 possunt.
955 1449 1060 1513 Pr.
1097 1447 1266 1513 Non.
1314 1448 1465 1513 Mai.
1512 1471 1593 1513 ex
1639 1449 1867 1514 castris
1910 1449 2149 1514 finibus
2190 1447 2334 1514 Sta-

291 1535 703 1600 tiellensium.
2366 1557 2420 1596 15

1241 1694 1386 1760 XII.

627 1813 742 1869 Ser.
772 1815 982 1870 Romae
1018 1817 1145 1871 circ.
1184 1817 1299 1870 III
1326 1817 1413 1871 Id.
1454 1817 1588 1871 Mai
1623 1834 1675 1870 a.
1718 1819 1823 1870 711
1856 1819 1993 1885 (43).

542 1936 617 1992 Μ.
657 1934 913 1990 CICERO
963 1936 1015 1992 S.
1053 1937 1119 1991 D.
1157 1937 1223 1992 D.
1263 1938 1508 1992 BRUTO
1546 1937 1693 1992 IMP.
1736 1937 1881 1992 COS.
1921 1937 2074 1992 DES.

426 2061 586 2126 Tres
639 2083 770 2126 uno
818 2062 919 2126 die
965 2085 1004 2125 a
1048 2067 1113 2126 te
1159 2064 1373 2147 accepi
1420 2063 1754 2148 epistulae,
1808 2086 2005 2127 unam
2049 2063 2337 2149 brevem,

293 2173 486 2235 quam
530 2150 762 2214 Flacco
806 2149 1162 2214 Volumnio
1220 2151 1507 2235 dederas,
1569 2152 1727 2215 duas
1769 2152 2117 2235 pleniores,
2178 2173 2338 2235 qua-
2366 2173 2421 2213 20

291 2262 438 2302 rum
501 2239 769 2303 alteram
832 2239 1208 2302 tabellarius
1281 2239 1353 2304 Τ.
1416 2238 1576 2304 Vibi
1632 2240 1878 2324 attulit,
1934 2240 2204 2303 alteram
2250 2241 2339 2303 ad

291 2349 396 2392 me
449 2326 630 2390 misit
682 2326 920 2410 Lupus
1010 2325 1116 2390 Ex
1169 2327 1302 2391 tuis
1359 2327 1597 2391 litteris
1644 2332 1709 2391 et
1754 2350 1834 2391 ex
1882 2326 2143 2391 Graecei
2194 2349 2339 2392 ora-

290 2415 469 2480 tione
513 2436 646 2479 non
689 2415 883 2478 modo
928 2436 1062 2479 non
1106 2415 1487 2478 restinctum
1531 2415 1793 2500 bellum,
1838 2415 1951 2480 sed
1996 2415 2193 2479 etiam
2238 2415 2340 2480 in-

291 2505 694 2568 flammatum
749 2503 1019 2567 videtur.
1109 2502 1262 2568 Non
1320 2503 1547 2567 dubito
1594 2508 1835 2588 autem,
1881 2526 2001 2586 pro
2046 2507 2161 2567 tua
2208 2504 2340 2566 sin-

292 2593 504 2678 gulari
557 2591 901 2676 prudentia
955 2590 1112 2674 quin
1165 2591 1542 2676 perspicias,
1603 2592 1657 2654 si
1714 2591 1960 2674 aliquid
2003 2591 2339 2655 firmitatis
2366 2611 2421 2650 25

292 2685 518 2745 nactus
575 2680 662 2743 sit
713 2678 1040 2743 Antonius
1048 2729 1067 2764 ‚
1123 2680 1341 2746 omnia
1393 2684 1507 2743 tua
1552 2679 1665 2742 illa
1708 2680 2035 2762 praeclara
2079 2679 2150 2742 in
2196 2701 2340 2743 rem

291 2791 353 2852 p.
399 2769 632 2833 merita
677 2767 758 2830 ad
801 2767 1081 2831 nihilum
1127 2789 1262 2831 esse
1308 2771 1596 2832 ventura.
1685 2765 1788 2830 Ita
1840 2767 2011 2830 enim
2054 2764 2340 2831 Romam

295 2860 432 2920 erat
459 2857 847 2940 nuntiatum,
874 2855 966 2919 ita
992 2877 1368 2939 persuasum
1399 2855 1717 2938 omnibUS,
1746 2875 1892 2918 oum
1919 2854 2141 2938 paucis
2167 2855 2341 2918 iner-

293 2945 437 3029 mis,
481 2944 844 3028 perterritis
889 2947 1067 3007 metu
1077 2995 1094 3026 ,
1150 2944 1357 3008 fracto
1404 2944 1619 3008 animo
1666 2943 1910 3029 fugisse
1953 2941 2340 3007 Antonium.

297 3031 423 3109 Qui
469 3033 524 3096 si
555 3033 664 3096 'ita
707 3054 776 3097 se
819 3032 1035 3116 habet,
1082 3035 1171 3115 ut,
1220 3054 1413 3115 quem
1458 3033 1540 3096 ad
1574 3032 1841 3096 modum
1878 3029 2220 3094 audiebam
2259 3031 2341 3094 de
2370 3051 2425 3089 ao

299 3120 621 3204 GraeceiO,
668 3121 932 3206 confligi
969 3141 1116 3184 cum
1154 3141 1229 3183 eo
1269 3121 1406 3184 sine
1441 3120 1730 3203 periculo
1766 3141 1898 3183 non
1932 3118 2159 3204 possit,
2203 3139 2343 3182 non

296 3209 407 3272 ille
465 3209 628 3273 mihi
685 3209 930 3295 fugisse
989 3231 1028 3270 a
1085 3207 1341 3272 Mutina
1394 3209 1675 3292 videtur,
1736 3208 1848 3271 sed
1904 3208 2120 3271 locum
2180 3207 2345 3271 belli

295 3296 561 3380 gerendi
606 3300 903 3361 mutasse.
996 3294 1226 3380 Itaque
1269 3296 1566 3360 homines
1613 3259 1725 3359 alii
1770 3296 1925 3359 facti
1972 3299 2149 3380 sunt3
2205 3317 2345 3359 non

297 3382 462 3445 nulli
524 3384 717 3446 etiam
778 3386 1166 3483 queruntur,
1227 3384 1403 3466 quod
1454 3383 1777 3468 persecuti
1820 3405 1954 3448 non
1998 3384 2169 3469 sitis3
2231 3405 2345 3467 op-

296 3468 496 3550 primi
539 3470 852 3555 potuisse,
907 3470 964 3534 si
1011 3470 1303 3535 celeritas
1360 3471 1653 3537 adhibita
1698 3476 1895 3558 esset,
1948 3472 2341 3537 existimant.
2370 3488 2423 3530 ³5
