2567 3884
351 224 486 288 534
1105 224 1618 279 EPISTULARUM

348 367 582 431 fiducia
639 368 1083 452 conturbaret,
1140 369 1393 453 lusique
1447 370 1515 433 in
1570 390 1645 433 eo
1703 390 1936 455 genere
1990 373 2055 433 et
2100 368 2371 432 familia-

347 456 508 520 riter
565 459 630 519 et
689 477 836 519 cum
895 456 1224 542 dignitate.
1316 455 1521 521 Amor
1578 462 1793 521 autem
1852 458 1988 522 eius
2044 478 2201 543 erga
2256 478 2372 519 nos

345 546 668 627 perfertur
713 544 999 608 omnium
1043 545 1291 609 nuntiis
1334 546 1692 631 singularis.
1782 544 2064 610 Litterae
2111 544 2373 629 quidem

347 633 431 695 ad
473 632 558 716 id,
603 632 778 715 quod
823 635 1165 716 exspectas,
1216 634 1350 697 fere
1396 654 1540 696 cum
1585 637 1700 697 tuo
1746 632 1958 697 reditu
2002 633 2373 719 iungentur.
2565 696 2566 713 χ

346 720 622 803 Reliqua
675 721 1078 805 singulorum
1129 721 1376 784 dierum
1422 722 1773 785 scribemus
1822 721 1904 783 ad
1946 725 2028 805 te,
2074 722 2130 784 si
2177 722 2375 784 modo
2426 740 2448 779 5

346 809 718 872 tabellarios
761 813 835 872 tu
877 809 1231 892 praebebis.
1324 808 1724 892 Quamquam
1761 810 1897 873 eius
1940 807 2121 872 modi
2164 810 2375 895 frigus
2565 822 2566 837 ¹

346 897 786 981 impendebat,
845 902 919 960 ut
976 918 1298 961 summum
1354 898 1711 981 periculum
1770 901 1959 980 esset,
2018 919 2099 960 ne
2153 896 2375 981 Appio

345 1006 496 1049 suae
543 984 728 1047 aedes
773 989 1125 1049 urerentur.

1159 1158 1268 1223 xi.
1319 1158 1551 1245 [xm]

589 1279 703 1336 Ser.
742 1280 950 1334 Romae
989 1298 1039 1335 a.
1079 1282 1131 1335 d.
1173 1280 1334 1334 XVI
1362 1280 1435 1335 K.
1475 1281 1721 1336 Manias
1755 1299 1807 1336 a.
1848 1284 1958 1335 700
1996 1284 2136 1349 (54).
2401 1305 2448 1343 10

704 1383 996 1438 MARCUS
1035 1383 1310 1449 QUINTO
1346 1384 1616 1439 FRATRI
1663 1385 2014 1440 SALUTEM.

481 1509 624 1573 Risi
688 1511 705 1540 ‘
724 1510 937 1574 nivem
1001 1514 1206 1574 atram
1218 1512 1256 1594 ⁹,
1321 1514 1512 1594 teque
1574 1511 1765 1574 hilari
1828 1512 2042 1574 animo
2108 1532 2248 1575 esse
2309 1515 2376 1575 et

350 1601 650 1682 prompto
706 1598 786 1661 ad
839 1597 1178 1662 iocandum
1233 1599 1417 1662 valde
1471 1620 1573 1662 me
1632 1600 1825 1663 iuvat.
1917 1599 2015 1662 De
2058 1598 2372 1683 Pompeio

351 1685 676 1749 adsentior
721 1686 844 1749 tibi
890 1687 992 1750 vel
1036 1690 1110 1751 tu
1153 1688 1373 1770 potius
1416 1687 1594 1750 mihi.
1683 1686 1879 1771 Nam,
1927 1691 2000 1751 ut
2046 1688 2197 1771 sciS,
2244 1689 2371 1751 iam

347 1774 598 1858 pridem
655 1775 853 1837 istum
913 1777 1098 1837 canto
1157 1774 1508 1838 Caesarem.
1599 1774 1763 1838 Mihi
1824 1775 2035 1858 crede,
2095 1776 2167 1838 in
2228 1776 2371 1839 sinu
2400 1795 2444 1835 15

351 1866 480 1946 est,
523 1884 729 1945 neque
767 1883 888 1949 ego
927 1863 1265 1947 discingor.
1359 1862 1686 1949 Cognosce
1729 1884 1901 1926 nunc
1943 1861 2111 1926 Idus,
2188 1864 2373 1927 Deci—

349 1972 493 2014 mus
549 1954 684 2013 erat
733 1949 946 2014 Caelio
1003 1950 1152 2013 dies.
1243 1950 1569 2014 Domitius
1620 1951 1862 2015 iudices
1904 1951 1988 2013 ad
2029 1973 2375 2015 numerum

349 2060 481 2102 non
533 2038 779 2102 habuit.
821 2070 827 2078 ·
869 2037 1139 2123 Vereor,
1193 2060 1272 2101 ne
1325 2038 1521 2102 homo
1575 2042 1778 2102 taeter
1832 2042 1897 2103 et
1948 2040 2150 2123 feruS,
2212 2039 2377 2103 Pola

351 2124 636 2210 Servius,
693 2126 773 2189 ad
825 2126 1292 2189 accusationem
1346 2127 1586 2211 veniat3
1640 2149 1791 2190 nam
1842 2130 2064 2191 noster
2118 2126 2377 2191 Caelius

350 2214 534 2276 valde
581 2218 990 2299 oppugnatur
1035 2236 1072 2276 a
1115 2217 1307 2299 gente
1355 2212 1593 2277 Clodia.
1687 2214 1862 2278 Certi
1910 2215 2077 2278 nihil
2123 2219 2223 2279 est
2271 2216 2377 2280 ad-
2404 2238 2452 2276 20

348 2301 503 2384 huc,
550 2301 661 2363 sed
704 2323 1012 2365 veremur.
1104 2301 1351 2365 Eodem
1399 2303 1603 2389 igitur
1646 2302 1748 2365 die
1794 2302 2008 2385 Tyriis
2052 2307 2151 2366 est
2199 2326 2379 2367 sena—

350 2392 456 2451 tus
495 2388 678 2452 datus
713 2389 1037 2473 frequens3
1082 2389 1447 2473 frequentes
1483 2394 1706 2454 contra
1742 2389 1990 2474 Syriaci
2024 2390 2378 2474 publicani.

351 2475 782 2539 Vehementer
835 2481 1100 2541 vexatus
1148 2476 1487 2562 Gabinius3
1547 2478 1853 2565 exagitati
1898 2483 2115 2542 tamen
2163 2502 2203 2543 a
2247 2480 2380 2544 Do—

349 2564 536 2628 mitio
580 2564 926 2649 publicani,
972 2565 1146 2648 quod
1190 2587 1337 2628 eum
1374 2569 1584 2629 essent
1624 2587 1768 2629 cum
1805 2568 1986 2650 equis
2029 2570 2379 2651 prosecuti.

348 2650 419 2715 L.
457 2656 676 2715 noster
700 2651 925 2716 Lamia
957 2653 1150 2735 paulo
1188 2653 1482 2738 ferocius,
1528 2675 1673 2717 cum
1710 2655 2037 2718 Domitius
2074 2656 2379 2720 dixisset:
2408 2674 2457 2714 25

327 2738 652 2804 ·‘Vestra
689 2741 921 2824 culpa·
953 2742 1136 2803 haec
1172 2741 1642 2826 acciderunt,
1689 2744 1987 2825 equites
2022 2742 2381 2829 Romani3

352 2827 732 2892 dissolute
785 2830 982 2893 enim
1029 2829 1453 2914 iudicatis',
1510 2829 1696 2895 ‘Nos
1742 2830 2195 2915 iudicamus,
2242 2854 2381 2897 vos

279 2932 312 2979 3
349 2915 745 2999 laudatis',
791 2917 1017 2999 inquit.
1063 2916 1301 2980 Actum
1331 2921 1426 2981 est
1454 2939 1529 2981 eo
1559 2918 1659 2981 die
1695 2919 1887 3003 nihi13
1930 2940 2062 2981 nox
2098 2919 2380 2984 diremit.

353 3001 803 3067 comitialibus
850 3005 1099 3089 diebuS,
1145 3006 1257 3087 qui
1297 3004 1651 3080 Quirinalia
1696 3010 2076 3090 sequuntur,
2121 3006 2381 3092 Appius

349 3090 810 3175 interpretatur
851 3114 984 3156 non
1035 3093 1335 3176 impediri
1382 3115 1448 3157 se
1500 3094 1643 3179 lege
1685 3093 1918 3178 Pupia,
1977 3115 2106 3178 quo
2160 3097 2381 3161 minus
2406 3117 2456 3155 3⁰

349 3178 584 3243 habeat
629 3184 946 3264 senatum,
1002 3184 1090 3264 et,
1138 3181 1312 3264 quod
1358 3180 1633 3245 Gabinia
1676 3186 1968 3246 sanctum
2013 3183 2125 3267 sit,
2178 3185 2380 3248 etiam

352 3287 615 3417 33&
635 3267 974 3419 dff'rfeffi
1007 3268 1335 3440 {3333}
1370 3268 2047 3422 {aeffizffffimliffssffl
2082 3275 2381 3425 ‘'3222ssss

352 3438 674 3504 Martium.
769 3442 894 3505 Sed
946 3447 1162 3507 tamen
1213 3444 1317 3507 his
1372 3445 1804 3509 comitialibus
1852 3446 2101 3511 tribuni
2154 3449 2243 3531 pl.
2302 3449 2378 3512 de

356 3524 630 3591 Gabinio
677 3550 744 3592 se
789 3534 1044 3594 acturos
1089 3553 1224 3595 esse
1271 3532 1508 3597 dicunt.
2405 3554 2453 3593 ³5
