2567 3884
959 159 1178 214 LIBER,
1213 160 1264 212 x
1303 165 1399 229 31,
1441 166 1526 216 32.
2136 160 2271 224 295

229 303 496 388 ignorat
511 302 546 366 ‘t'
635 302 775 366 Hac
821 303 993 366 enim
1037 302 1293 389 legione
1329 303 1466 366 noli
1504 303 1713 367 acrius
1760 305 1871 366 aut
1915 303 2272 389 pugnacius

231 390 583 474 quicquam
628 394 856 474 putare
904 412 1056 455 esse.
1149 390 1359 466 Quare
1416 412 1562 455 eum
1617 413 1720 455 me
1776 391 2073 455 existima
2120 413 2273 476 esse,

233 478 346 562 qui
390 479 677 562 primum
722 479 898 563 pacis
946 478 1397 562 cupidissimus
1446 479 1567 543 sim
1615 475 1854 565 (omnis
1900 480 2072 543 enim
2114 479 2272 543 civis

231 566 422 650 plane
484 566 710 630 studeo
772 588 907 630 esse
961 564 1233 654 salvos),
1297 566 1523 631 deinde
1579 567 1691 650 qui
1748 571 1813 630 et
1863 588 1967 630 me
2014 571 2078 630 et
2132 589 2271 631 rem

183 671 209 710 ⁵
234 652 566 739 publicam
612 655 936 719 vindicare
991 655 1061 718 in
1113 655 1485 719 libertatem
1536 658 1799 739 paratus
1855 655 1993 718 sim.
2086 653 2273 730 Quod

233 742 620 806 familiarem
665 765 880 807 meum
926 746 1188 808 tuorum
1234 764 1503 808 numero
1549 743 1765 828 habeS‚
1813 743 2114 826 opinione
2160 746 2274 806 tua

233 831 398 894 mihi
444 831 695 916 gratius
743 836 870 916 est3
916 831 1172 895 invideo
1220 830 1319 894 illi
1366 835 1607 914 tamen,
1655 830 1829 914 quod
1874 830 2162 894 ambulat
2208 833 2273 894 et

234 919 488 983 iocatur
533 922 764 983 tecum.
838 918 1133 1003 QuaereS‚
1181 919 1407 1001 quanti
1445 919 1791 982 aestimem.
1859 918 1929 983 Si
1966 940 2272 1002 umquam

233 1006 496 1071 licuerit
542 1007 758 1071 vivere
802 1006 872 1071 in
919 1007 1080 1091 otio,
1137 1007 1511 1092 experieris3
1565 1007 1818 1070 nullum
1865 1007 2036 1070 enim
2081 1006 2273 1070 vesti-

157 1113 209 1151 10
235 1095 420 1180 gium
467 1116 582 1179 aps
627 1098 692 1158 te
740 1094 1129 1160 discessurus
1167 1116 1327 1158 sum.
1417 1093 1590 1158 Illud
1624 1095 2035 1159 vehementer
2074 1093 2273 1158 admi-

235 1204 364 1268 101,
409 1205 544 1246 11011
591 1183 916 1266 scripsisse
971 1187 1037 1246 te
1080 1182 1272 1267 mihi,
1327 1182 1644 1246 manendo
1691 1183 1761 1246 in
1813 1183 2147 1267 provincia
2191 1203 2273 1246 an

238 1271 528 1334 ducendo
584 1271 936 1336 exercitum
982 1271 1051 1334 in
1095 1269 1352 1334 Italiam
1398 1271 1492 1335 rei
1527 1294 1588 1354 p.
1626 1271 1835 1356 magis
1872 1271 2029 1335 satis
2064 1272 2272 1334 facere

234 1358 498 1442 possim.
590 1358 734 1445 Ego
783 1358 1059 1443 quidem,
1107 1359 1227 1422 etsi
1273 1358 1437 1423 mihi
1484 1359 1690 1422 tutius
1726 1381 1800 1423 ac
1839 1360 2054 1422 minus
2097 1358 2275 1422 labo-

234 1447 483 1511 riosum
543 1450 640 1510 est
698 1469 986 1530 manere,
1044 1451 1292 1531 tamen,
1354 1447 1506 1530 quia
1559 1446 1747 1511 video
1807 1447 1924 1511 tali
1983 1451 2274 1530 tempore

155 1551 208 1591 15
235 1535 446 1598 multo
509 1535 719 1620 magis
779 1535 1147 1621 legionibus
1213 1557 1375 1618 opus
1438 1556 1574 1598 esse
1640 1557 1833 1618 quam
1903 1535 2276 1619 provinciiS‚

236 1645 400 1706 quae
445 1623 824 1706 praesertim
861 1624 1224 1706 recuperari
1269 1623 1451 1687 nullo
1487 1624 1753 1708 negotio
1794 1627 2083 1707 possunt,
2129 1645 2277 1688 con-

235 1710 441 1794 stitui,
489 1714 565 1774 ut
607 1732 778 1775 nunc
815 1715 929 1795 est,
976 1733 1122 1775 cum
1159 1711 1445 1774 exercitu
1477 1711 1819 1794 proficisci.
1909 1710 2157 1775 Deinde
2196 1733 2275 1774 ex

234 1799 496 1883 litteris,
545 1821 702 1882 quas
748 1799 992 1862 Pansae
1036 1799 1213 1883 misi,
1261 1819 1607 1884 cognosces
1626 1807 1633 1814 '
1655 1799 1897 1884 omnia3
1953 1822 2104 1863 nam
2150 1799 2273 1863 tibi

236 1909 461 1953 earum
509 1888 835 1971 exemplar
879 1886 1046 1952 misi.
1137 1905 1286 1951 XVII
1333 1887 1411 1950 K.
1447 1885 1606 1971 Apr.
1646 1885 1961 1951 Corduba.

151 2135 206 2173 20
1124 2113 1393 2179 XXXII.

613 2234 728 2290 Ser.
771 2235 1052 2290 Cordubae
1099 2235 1189 2290 VI
1214 2237 1304 2289 Id.
1342 2236 1474 2290 Ium.
1513 2254 1565 2290 a.
1606 2238 1711 2290 711
1754 2238 1893 2303 (43).

723 2356 779 2412 C.
819 2357 1105 2412 ASINIUS
1142 2357 1403 2412 POLLIO
1443 2356 1797 2412 CICERONI.

372 2500 616 2565 Balbus
664 2504 965 2584 quaestor
1018 2523 1252 2586 magna
1297 2505 1633 2565 numerata
1678 2501 1975 2584 pecunia,
2035 2522 2272 2586 magno

234 2589 524 2674 pondere
581 2589 748 2673 auri,
809 2589 1052 2652 maiore
1109 2590 1363 2674 argenti
1423 2593 1643 2653 coacto
1703 2589 1779 2653 de
1838 2589 2117 2673 publicis
2174 2610 2277 2651 ex-

157 2696 210 2736 05
237 2677 626 2762 actionibus7
671 2698 752 2740 ne
790 2677 1110 2760 stipendio
1150 2677 1411 2760 quidem
1446 2677 1766 2741 militibus
1802 2677 2054 2741 reddito
2094 2676 2279 2738 duxit

237 2787 307 2830 se
336 2788 374 2829 a
405 2765 692 2829 Gadibus
730 2767 794 2828 et
831 2764 1118 2828 triduum
1165 2769 1548 2848 tempestate
1584 2768 1872 2829 retentus
1919 2764 2001 2827 ad
2038 2763 2279 2846 Calpen

235 2853 318 2918 K.
367 2852 507 2917 Iun.
563 2852 819 2917 traiecit
875 2874 1010 2916 sese
1065 2853 1134 2915 in
1189 2875 1463 2938 regnum
1518 2852 1808 2938 Bogudis
1866 2852 2056 2935 plane
2114 2850 2277 2914 bene

235 2941 614 3025 peculiatus.
705 2940 828 3004 His
883 2940 1253 3004 rumoribus
1308 2944 1529 3004 utrum
1578 2940 1773 3004 Gadis
1832 2940 2148 3003 referatur
2193 2961 2277 3002 an

235 3028 517 3095 Romam
564 3026 676 3115 (ad
725 3028 1015 3114 singulos
1063 3029 1234 3092 enim
1278 3029 1544 3092 nuntios
1589 3028 1960 3112 turpissime
2008 3027 2277 3091 consilia

156 3136 210 3175 ³0
235 3114 498 3204 mutat),
542 3117 830 3180 nondum
876 3116 1025 3180 scio,
1118 3115 1246 3180 Sed
1289 3120 1543 3200 praeter
1588 3117 1763 3179 furta
1798 3119 1862 3179 et
1908 3115 2163 3198 rapinas
2211 3117 2276 3178 et

237 3206 444 3291 virgis
489 3226 705 3270 caesos
752 3205 959 3269 socios
1003 3204 1162 3267 11000
1197 3225 1454 3288 quoque
1501 3204 1671 3288 fecit,
1718 3207 1791 3267 ut
1828 3204 1965 3286 ipse
2007 3202 2277 3288 gloriari

239 3294 432 3377 solet,
480 3293 701 3356 eadem
749 3314 910 3376 quae
959 3290 1026 3355 O.
1076 3290 1332 3356 Caesar:
1378 3291 1596 3375 Ludis,
1644 3312 1806 3374 quos
1856 3289 2142 3354 Gadibus
2187 3291 2277 3354 fe-

239 3381 353 3466 cit,
398 3380 801 3444 Herennium
841 3379 1097 3444 Gallum
1123 3380 1507 3443 histrionem
1536 3400 1787 3444 summo
1824 3378 2126 3443 ludorum
2174 3378 2276 3443 die

237 3467 432 3534 anulo
471 3490 666 3532 aureo
707 3468 1015 3532 donatum
1052 3469 1120 3531 in
1157 3486 1311 3532 XIIII
1349 3489 1593 3532 sessum
1632 3467 1897 3532 deduxit
1936 3464 2066 3553 (tot
2103 3467 2275 3531 enim
