<?xml version="1.0" encoding="UTF-8"?>
<!DOCTYPE html PUBLIC "-//W3C//DTD XHTML 1.0 Transitional//EN"
    "http://www.w3.org/TR/xhtml1/DTD/xhtml1-transitional.dtd">
<html xmlns="http://www.w3.org/1999/xhtml" xml:lang="en" lang="en">
 <head>
  <title>
</title>
<meta http-equiv="Content-Type" content="text/html;charset=utf-8" />
  <meta name='ocr-system' content='tesseract 3.04.00' />
  <meta name='ocr-capabilities' content='ocr_page ocr_carea ocr_par ocr_line ocrx_word'/>
</head>
<body>
  <div class='ocr_page' id='page_1' title='image "./scriptaquaemans02mlgoog_0422.png"; bbox 0 0 2567 3884; ppageno 0'>
   <div class='ocr_carea' id='block_1_1' title="bbox 352 183 1888 248">
    <p class='ocr_par' dir='ltr' id='par_1_1' title="bbox 352 183 1888 248">
     <span class='ocr_line' id='line_1_1' title="bbox 352 183 1888 248; baseline -0.006 0"><span class='ocrx_word' id='word_1_1' title='bbox 352 185 487 248; x_wconf 86' lang='lat'>330</span> <span class='ocrx_word' id='word_1_2' title='bbox 882 184 1396 239; x_wconf 80' lang='lat' dir='ltr'><strong>EPISTULARUM</strong></span> <span class='ocrx_word' id='word_1_3' title='bbox 1432 183 1652 238; x_wconf 88' lang='lat' dir='ltr'>LIBER</span> <span class='ocrx_word' id='word_1_4' title='bbox 1688 183 1767 237; x_wconf 91' lang='lat' dir='ltr'>XI</span> <span class='ocrx_word' id='word_1_5' title='bbox 1803 190 1888 240; x_wconf 78' lang='lat'>29.</span> 
     </span>
    </p>
   </div>
   <div class='ocr_carea' id='block_1_2' title="bbox 281 327 2557 1822">
    <p class='ocr_par' dir='ltr' id='par_1_2' title="bbox 351 327 2555 1118">
     <span class='ocr_line' id='line_1_2' title="bbox 353 327 2396 412; baseline 0 -20"><span class='ocrx_word' id='word_1_6' title='bbox 353 349 499 392; x_wconf 91' lang='lat' dir='ltr'>cum</span> <span class='ocrx_word' id='word_1_7' title='bbox 545 328 721 392; x_wconf 89' lang='lat' dir='ltr'>aliud</span> <span class='ocrx_word' id='word_1_8' title='bbox 763 328 956 392; x_wconf 86' lang='lat' dir='ltr'>malle</span> <span class='ocrx_word' id='word_1_9' title='bbox 1002 327 1465 392; x_wconf 88' lang='lat' dir='ltr'>amicissimum</span> <span class='ocrx_word' id='word_1_10' title='bbox 1502 331 1690 391; x_wconf 73' lang='lat' dir='ltr'>tuum</span> <span class='ocrx_word' id='word_1_11' title='bbox 1734 331 2014 412; x_wconf 74' lang='lat' dir='ltr'>putares,</span> <span class='ocrx_word' id='word_1_12' title='bbox 2061 327 2396 412; x_wconf 71' lang='lat' dir='ltr'>antiquius</span> 
     </span>
     <span class='ocr_line' id='line_1_3' title="bbox 351 390 2553 500; baseline 0 -20"><span class='ocrx_word' id='word_1_13' title='bbox 351 416 475 480; x_wconf 77' lang='lat' dir='ltr'>tibi</span> <span class='ocrx_word' id='word_1_14' title='bbox 524 417 811 480; x_wconf 88' lang='lat' dir='ltr'>officium</span> <span class='ocrx_word' id='word_1_15' title='bbox 864 438 1079 480; x_wconf 93' lang='lat' dir='ltr'>meum</span> <span class='ocrx_word' id='word_1_16' title='bbox 1136 437 1331 499; x_wconf 88' lang='lat' dir='ltr'>quam</span> <span class='ocrx_word' id='word_1_17' title='bbox 1387 415 1564 479; x_wconf 89' lang='lat' dir='ltr'>illius</span> <span class='ocrx_word' id='word_1_18' title='bbox 1609 414 1909 479; x_wconf 75' lang='lat' dir='ltr'>voluntas</span> <span class='ocrx_word' id='word_1_19' title='bbox 1956 417 2097 480; x_wconf 75' lang='lat' dir='ltr'>fuit.</span> <span class='ocrx_word' id='word_1_20' title='bbox 2192 415 2395 500; x_wconf 86' lang='lat' dir='ltr'>Equi·</span> <span class='ocrx_word' id='word_1_21' title='bbox 2550 390 2553 490; x_wconf 45' lang='lat' dir='ltr'>i</span> 
     </span>
     <span class='ocr_line' id='line_1_4' title="bbox 351 502 2395 587; baseline 0 -19"><span class='ocrx_word' id='word_1_22' title='bbox 351 505 498 568; x_wconf 88' lang='lat' dir='ltr'>dem</span> <span class='ocrx_word' id='word_1_23' title='bbox 542 509 607 568; x_wconf 79' lang='lat' dir='ltr'>et</span> <span class='ocrx_word' id='word_1_24' title='bbox 654 509 801 569; x_wconf 74' lang='lat' dir='ltr'>ante</span> <span class='ocrx_word' id='word_1_25' title='bbox 844 505 971 568; x_wconf 90' lang='lat' dir='ltr'>hoc</span> <span class='ocrx_word' id='word_1_26' title='bbox 1013 509 1270 586; x_wconf 79' lang='lat' dir='ltr'>tempus</span> <span class='ocrx_word' id='word_1_27' title='bbox 1316 507 1382 567; x_wconf 75' lang='lat' dir='ltr'>te</span> <span class='ocrx_word' id='word_1_28' title='bbox 1440 502 1637 586; x_wconf 82' lang='lat' dir='ltr'>dilexi</span> <span class='ocrx_word' id='word_1_29' title='bbox 1684 507 1749 566; x_wconf 76' lang='lat' dir='ltr'>et</span> <span class='ocrx_word' id='word_1_30' title='bbox 1795 524 2049 587; x_wconf 89' lang='lat' dir='ltr'>semper</span> <span class='ocrx_word' id='word_1_31' title='bbox 2090 526 2197 568; x_wconf 90' lang='lat' dir='ltr'>me</span> <span class='ocrx_word' id='word_1_32' title='bbox 2245 527 2285 568; x_wconf 87' lang='lat' dir='ltr'>a</span> <span class='ocrx_word' id='word_1_33' title='bbox 2330 509 2395 568; x_wconf 76' lang='lat' dir='ltr'>te</span> 
     </span>
     <span class='ocr_line' id='line_1_5' title="bbox 353 590 2395 678; baseline 0 -23"><span class='ocrx_word' id='word_1_34' title='bbox 353 592 540 678; x_wconf 86' lang='lat' dir='ltr'>diligi</span> <span class='ocrx_word' id='word_1_35' title='bbox 585 593 752 658; x_wconf 86' lang='lat' dir='ltr'>sensi</span> <span class='ocrx_word' id='word_1_36' title='bbox 800 597 882 677; x_wconf 76' lang='lat' dir='ltr'>et,</span> <span class='ocrx_word' id='word_1_37' title='bbox 928 614 1073 656; x_wconf 93' lang='lat' dir='ltr'>cum</span> <span class='ocrx_word' id='word_1_38' title='bbox 1121 592 1408 655; x_wconf 91' lang='lat' dir='ltr'>abessem</span> <span class='ocrx_word' id='word_1_39' title='bbox 1456 595 1649 675; x_wconf 73' lang='lat' dir='ltr'>atque</span> <span class='ocrx_word' id='word_1_40' title='bbox 1684 590 1755 653; x_wconf 89' lang='lat' dir='ltr'>in</span> <span class='ocrx_word' id='word_1_41' title='bbox 1790 593 2043 678; x_wconf 84' lang='lat' dir='ltr'>magnis</span> <span class='ocrx_word' id='word_1_42' title='bbox 2086 592 2395 676; x_wconf 87' lang='lat' dir='ltr'>periculis</span> 
     </span>
     <span class='ocr_line' id='line_1_6' title="bbox 352 680 2468 765; baseline 0 -21"><span class='ocrx_word' id='word_1_43' title='bbox 352 701 572 765; x_wconf 90' lang='lat' dir='ltr'>essem,</span> <span class='ocrx_word' id='word_1_44' title='bbox 619 684 684 745; x_wconf 76' lang='lat' dir='ltr'>et</span> <span class='ocrx_word' id='word_1_45' title='bbox 727 703 831 745; x_wconf 93' lang='lat' dir='ltr'>me</span> <span class='ocrx_word' id='word_1_46' title='bbox 878 681 1208 745; x_wconf 73' lang='lat' dir='ltr'><strong>absentem</strong></span> <span class='ocrx_word' id='word_1_47' title='bbox 1253 683 1319 743; x_wconf 75' lang='lat' dir='ltr'>et</span> <span class='ocrx_word' id='word_1_48' title='bbox 1362 700 1542 743; x_wconf 89' lang='lat' dir='ltr'>meos</span> <span class='ocrx_word' id='word_1_49' title='bbox 1587 680 1941 762; x_wconf 74' lang='lat' dir='ltr'>praesentis</span> <span class='ocrx_word' id='word_1_50' title='bbox 1986 703 2026 743; x_wconf 90' lang='lat' dir='ltr'>a</span> <span class='ocrx_word' id='word_1_51' title='bbox 2070 684 2135 744; x_wconf 76' lang='lat' dir='ltr'>te</span> <span class='ocrx_word' id='word_1_52' title='bbox 2184 681 2395 744; x_wconf 76' lang='lat' dir='ltr'>cultos</span> <span class='ocrx_word' id='word_1_53' title='bbox 2445 696 2468 736; x_wconf 83' lang='lat'><strong>⁵</strong></span> 
     </span>
     <span class='ocr_line' id='line_1_7' title="bbox 353 767 2555 896; baseline -0 -63"><span class='ocrx_word' id='word_1_54' title='bbox 353 772 417 833; x_wconf 74' lang='lat' dir='ltr'>et</span> <span class='ocrx_word' id='word_1_55' title='bbox 465 769 756 834; x_wconf 87' lang='lat' dir='ltr'>defensos</span> <span class='ocrx_word' id='word_1_56' title='bbox 795 791 930 833; x_wconf 88' lang='lat' dir='ltr'>esse</span> <span class='ocrx_word' id='word_1_57' title='bbox 967 768 1252 851; x_wconf 90' lang='lat' dir='ltr'>memini,</span> <span class='ocrx_word' id='word_1_58' title='bbox 1300 771 1381 852; x_wconf 65' lang='lat' dir='ltr'>ef«,</span> <span class='ocrx_word' id='word_1_59' title='bbox 1426 771 1577 850; x_wconf 76' lang='lat' dir='ltr'>post</span> <span class='ocrx_word' id='word_1_60' title='bbox 1621 789 1839 831; x_wconf 90' lang='lat' dir='ltr'>meum</span> <span class='ocrx_word' id='word_1_61' title='bbox 1876 767 2159 832; x_wconf 75' lang='lat' dir='ltr'>reditum</span> <span class='ocrx_word' id='word_1_62' title='bbox 2197 790 2395 852; x_wconf 85' lang='lat' dir='ltr'>quam</span> <span class='ocrx_word' id='word_1_63' title='bbox 2552 776 2555 896; x_wconf 39' lang='grc' dir='ltr'>ἱ</span> 
     </span>
     <span class='ocr_line' id='line_1_8' title="bbox 351 855 2395 941; baseline -0 -20"><span class='ocrx_word' id='word_1_64' title='bbox 351 857 760 921; x_wconf 75' lang='lat' dir='ltr'>familiariter</span> <span class='ocrx_word' id='word_1_65' title='bbox 801 878 1054 921; x_wconf 91' lang='lat' dir='ltr'>mecum</span> <span class='ocrx_word' id='word_1_66' title='bbox 1099 856 1356 940; x_wconf 82' lang='lat' dir='ltr'>vixeris,</span> <span class='ocrx_word' id='word_1_67' title='bbox 1402 876 1691 939; x_wconf 90' lang='lat' dir='ltr'>quaeque</span> <span class='ocrx_word' id='word_1_68' title='bbox 1738 876 1859 941; x_wconf 84' lang='lat' dir='ltr'>ego</span> <span class='ocrx_word' id='word_1_69' title='bbox 1908 855 1985 920; x_wconf 91' lang='lat' dir='ltr'>de</span> <span class='ocrx_word' id='word_1_70' title='bbox 2030 860 2095 920; x_wconf 75' lang='lat' dir='ltr'>te</span> <span class='ocrx_word' id='word_1_71' title='bbox 2143 859 2210 920; x_wconf 73' lang='lat' dir='ltr'>et</span> <span class='ocrx_word' id='word_1_72' title='bbox 2256 878 2395 920; x_wconf 91' lang='lat' dir='ltr'>sen-</span> 
     </span>
     <span class='ocr_line' id='line_1_9' title="bbox 351 943 2395 1028; baseline -0 -19"><span class='ocrx_word' id='word_1_73' title='bbox 351 945 547 1009; x_wconf 89' lang='lat' dir='ltr'>serim</span> <span class='ocrx_word' id='word_1_74' title='bbox 593 948 658 1009; x_wconf 76' lang='lat' dir='ltr'>et</span> <span class='ocrx_word' id='word_1_75' title='bbox 701 945 1142 1028; x_wconf 80' lang='lat' dir='ltr'>praedicarim,</span> <span class='ocrx_word' id='word_1_76' title='bbox 1189 964 1411 1007; x_wconf 89' lang='lat' dir='ltr'>omnes</span> <span class='ocrx_word' id='word_1_77' title='bbox 1424 993 1441 1027; x_wconf 93' lang='lat'>,</span> <span class='ocrx_word' id='word_1_78' title='bbox 1491 943 1602 1027; x_wconf 91' lang='lat' dir='ltr'>qui</span> <span class='ocrx_word' id='word_1_79' title='bbox 1648 943 1859 1007; x_wconf 77' lang='lat' dir='ltr'><strong>solent</strong></span> <span class='ocrx_word' id='word_1_80' title='bbox 1902 943 2062 1008; x_wconf 88' lang='lat' dir='ltr'>haec</span> <span class='ocrx_word' id='word_1_81' title='bbox 2106 944 2395 1008; x_wconf 86' lang='lat' dir='ltr'>animad-</span> 
     </span>
     <span class='ocr_line' id='line_1_10' title="bbox 351 1030 2392 1118; baseline -0 -21"><span class='ocrx_word' id='word_1_82' title='bbox 351 1037 630 1118; x_wconf 77' lang='lat' dir='ltr'>vertere,</span> <span class='ocrx_word' id='word_1_83' title='bbox 684 1034 869 1097; x_wconf 73' lang='lat' dir='ltr'>testis</span> <span class='ocrx_word' id='word_1_84' title='bbox 922 1033 1251 1096; x_wconf 90' lang='lat' dir='ltr'>habemus.</span> <span class='ocrx_word' id='word_1_85' title='bbox 1347 1030 1811 1095; x_wconf 79' lang='lat' dir='ltr'>Gravissimum</span> <span class='ocrx_word' id='word_1_86' title='bbox 1866 1053 2021 1095; x_wconf 82' lang='lat' dir='ltr'>vero</span> <span class='ocrx_word' id='word_1_87' title='bbox 2076 1031 2392 1096; x_wconf 87' lang='lat' dir='ltr'>iudicium</span> 
     </span>
    </p>

    <p class='ocr_par' dir='ltr' id='par_1_3' title="bbox 351 1119 2557 1468">
     <span class='ocr_line' id='line_1_11' title="bbox 354 1119 2467 1204; baseline 0 -20"><span class='ocrx_word' id='word_1_88' title='bbox 354 1120 430 1184; x_wconf 88' lang='lat' dir='ltr'>de</span> <span class='ocrx_word' id='word_1_89' title='bbox 475 1142 620 1185; x_wconf 90' lang='lat' dir='ltr'>mea</span> <span class='ocrx_word' id='word_1_90' title='bbox 671 1121 798 1184; x_wconf 87' lang='lat' dir='ltr'>fide</span> <span class='ocrx_word' id='word_1_91' title='bbox 853 1124 918 1184; x_wconf 74' lang='lat' dir='ltr'>et</span> <span class='ocrx_word' id='word_1_92' title='bbox 977 1120 1338 1185; x_wconf 64' lang='lat' dir='ltr'>constanssia</span> <span class='ocrx_word' id='word_1_93' title='bbox 1396 1119 1636 1204; x_wconf 75' lang='lat' dir='ltr'>fecisti,</span> <span class='ocrx_word' id='word_1_94' title='bbox 1697 1141 1842 1183; x_wconf 90' lang='lat' dir='ltr'>cum</span> <span class='ocrx_word' id='word_1_95' title='bbox 1900 1123 2051 1204; x_wconf 74' lang='lat' dir='ltr'>post</span> <span class='ocrx_word' id='word_1_96' title='bbox 2108 1119 2392 1185; x_wconf 73' lang='lat' dir='ltr'>mortem</span> <span class='ocrx_word' id='word_1_97' title='bbox 2421 1138 2467 1177; x_wconf 88' lang='lat'>10</span> 
     </span>
     <span class='ocr_line' id='line_1_12' title="bbox 353 1162 2557 1308; baseline 0 -36"><span class='ocrx_word' id='word_1_98' title='bbox 353 1206 641 1272; x_wconf 84' lang='lat' dir='ltr'>Caesaris</span> <span class='ocrx_word' id='word_1_99' title='bbox 686 1212 899 1272; x_wconf 75' lang='lat' dir='ltr'>totum</span> <span class='ocrx_word' id='word_1_100' title='bbox 933 1211 1000 1272; x_wconf 77' lang='lat' dir='ltr'>te</span> <span class='ocrx_word' id='word_1_101' title='bbox 1036 1209 1120 1272; x_wconf 90' lang='lat' dir='ltr'>ad</span> <span class='ocrx_word' id='word_1_102' title='bbox 1155 1207 1507 1272; x_wconf 74' lang='lat' dir='ltr'>amicitiam</span> <span class='ocrx_word' id='word_1_103' title='bbox 1551 1229 1761 1270; x_wconf 89' lang='lat' dir='ltr'>meam</span> <span class='ocrx_word' id='word_1_104' title='bbox 1808 1208 2169 1293; x_wconf 74' lang='lat' dir='ltr'>contulisti3</span> <span class='ocrx_word' id='word_1_105' title='bbox 2217 1209 2394 1292; x_wconf 91' lang='lat' dir='ltr'>quod</span> <span class='ocrx_word' id='word_1_106' title='bbox 2554 1162 2557 1308; x_wconf 70' lang='grc' dir='ltr'>Ι</span> 
     </span>
     <span class='ocr_line' id='line_1_13' title="bbox 351 1295 2392 1382; baseline 0 -22"><span class='ocrx_word' id='word_1_107' title='bbox 351 1300 538 1360; x_wconf 77' lang='lat' dir='ltr'>tuum</span> <span class='ocrx_word' id='word_1_108' title='bbox 594 1296 904 1361; x_wconf 88' lang='lat' dir='ltr'>iudicium</span> <span class='ocrx_word' id='word_1_109' title='bbox 958 1296 1084 1360; x_wconf 90' lang='lat' dir='ltr'>nisi</span> <span class='ocrx_word' id='word_1_110' title='bbox 1137 1317 1282 1360; x_wconf 90' lang='lat' dir='ltr'>mea</span> <span class='ocrx_word' id='word_1_111' title='bbox 1316 1295 1586 1359; x_wconf 81' lang='lat' dir='ltr'>&#39;summa</span> <span class='ocrx_word' id='word_1_112' title='bbox 1639 1295 2079 1360; x_wconf 76' lang='lat' dir='ltr'>benivolentia</span> <span class='ocrx_word' id='word_1_113' title='bbox 2125 1318 2283 1382; x_wconf 88' lang='lat' dir='ltr'>erga</span> <span class='ocrx_word' id='word_1_114' title='bbox 2328 1301 2392 1361; x_wconf 76' lang='lat' dir='ltr'>te</span> 
     </span>
     <span class='ocr_line' id='line_1_14' title="bbox 354 1383 2392 1468; baseline 0 -20"><span class='ocrx_word' id='word_1_115' title='bbox 354 1384 781 1467; x_wconf 90' lang='lat' dir='ltr'>omnibusque</span> <span class='ocrx_word' id='word_1_116' title='bbox 842 1385 1092 1448; x_wconf 74' lang='lat' dir='ltr'>meritis</span> <span class='ocrx_word' id='word_1_117' title='bbox 1155 1383 1580 1468; x_wconf 90' lang='lat' dir='ltr'>comprobaro</span> <span class='ocrx_word' id='word_1_118' title='bbox 1592 1434 1611 1468; x_wconf 90' lang='lat'>,</span> <span class='ocrx_word' id='word_1_119' title='bbox 1683 1383 1820 1468; x_wconf 86' lang='lat' dir='ltr'>ipse</span> <span class='ocrx_word' id='word_1_120' title='bbox 1890 1404 1994 1447; x_wconf 91' lang='lat' dir='ltr'>me</span> <span class='ocrx_word' id='word_1_121' title='bbox 2056 1383 2392 1449; x_wconf 85' lang='lat' dir='ltr'>hominem</span> 
     </span>
    </p>

    <p class='ocr_par' dir='ltr' id='par_1_4' title="bbox 281 1471 2465 1735">
     <span class='ocr_line' id='line_1_15' title="bbox 281 1471 2391 1557; baseline 0 -20"><span class='ocrx_word' id='word_1_122' title='bbox 281 1490 314 1537; x_wconf 85' lang='lat'><strong>3</strong></span> <span class='ocrx_word' id='word_1_123' title='bbox 351 1493 484 1534; x_wconf 91' lang='lat' dir='ltr'>non</span> <span class='ocrx_word' id='word_1_124' title='bbox 528 1472 789 1556; x_wconf 75' lang='lat' dir='ltr'>putabo,</span> <span class='ocrx_word' id='word_1_125' title='bbox 880 1472 996 1557; x_wconf 78' lang='lat' dir='ltr'>Tu,</span> <span class='ocrx_word' id='word_1_126' title='bbox 1042 1472 1134 1537; x_wconf 92' lang='lat' dir='ltr'>mi</span> <span class='ocrx_word' id='word_1_127' title='bbox 1181 1471 1369 1556; x_wconf 83' lang='lat' dir='ltr'>Oppi,</span> <span class='ocrx_word' id='word_1_128' title='bbox 1416 1471 1823 1536; x_wconf 83' lang='lat' dir='ltr'>conservabis</span> <span class='ocrx_word' id='word_1_129' title='bbox 1869 1491 2156 1536; x_wconf 89' lang='lat' dir='ltr'>amorem</span> <span class='ocrx_word' id='word_1_130' title='bbox 2201 1475 2391 1538; x_wconf 77' lang='lat' dir='ltr'>tuum</span> 
     </span>
     <span class='ocr_line' id='line_1_16' title="bbox 354 1557 2465 1646; baseline 0 -23"><span class='ocrx_word' id='word_1_131' title='bbox 354 1557 505 1644; x_wconf 72' lang='lat' dir='ltr'>(etsi</span> <span class='ocrx_word' id='word_1_132' title='bbox 549 1581 730 1624; x_wconf 91' lang='lat' dir='ltr'>more</span> <span class='ocrx_word' id='word_1_133' title='bbox 769 1561 981 1646; x_wconf 56' lang='lat' dir='ltr'>⁴magis</span> <span class='ocrx_word' id='word_1_134' title='bbox 1025 1561 1151 1624; x_wconf 90' lang='lat' dir='ltr'>hoc</span> <span class='ocrx_word' id='word_1_135' title='bbox 1197 1561 1457 1644; x_wconf 90' lang='lat' dir='ltr'>quidem</span> <span class='ocrx_word' id='word_1_136' title='bbox 1504 1559 1733 1644; x_wconf 90' lang='lat' dir='ltr'>scrib0,</span> <span class='ocrx_word' id='word_1_137' title='bbox 1781 1581 1974 1643; x_wconf 90' lang='lat' dir='ltr'>quam</span> <span class='ocrx_word' id='word_1_138' title='bbox 2011 1582 2141 1643; x_wconf 90' lang='lat' dir='ltr'>quo</span> <span class='ocrx_word' id='word_1_139' title='bbox 2178 1565 2247 1625; x_wconf 70' lang='lat' dir='ltr'>ize</span> <span class='ocrx_word' id='word_1_140' title='bbox 2286 1561 2465 1624; x_wconf 61' lang='lat' dir='ltr'>ssd-1⁵</span> 
     </span>
     <span class='ocr_line' id='line_1_17' title="bbox 352 1646 2390 1735; baseline 0 -24"><span class='ocrx_word' id='word_1_141' title='bbox 352 1648 744 1712; x_wconf 87' lang='lat' dir='ltr'>monendum</span> <span class='ocrx_word' id='word_1_142' title='bbox 796 1646 1048 1735; x_wconf 71' lang='lat' dir='ltr'>putem)</span> <span class='ocrx_word' id='word_1_143' title='bbox 1103 1669 1373 1732; x_wconf 89' lang='lat' dir='ltr'>meaque</span> <span class='ocrx_word' id='word_1_144' title='bbox 1429 1648 1645 1711; x_wconf 89' lang='lat' dir='ltr'>omnia</span> <span class='ocrx_word' id='word_1_145' title='bbox 1698 1647 1988 1732; x_wconf 76' lang='lat' dir='ltr'>tuebere3</span> <span class='ocrx_word' id='word_1_146' title='bbox 2026 1668 2210 1731; x_wconf 21' lang='lat' dir='ltr'>*quae</span> <span class='ocrx_word' id='word_1_147' title='bbox 2266 1649 2390 1713; x_wconf 73' lang='lat' dir='ltr'>tibi</span> 
     </span>
    </p>

    <p class='ocr_par' dir='ltr' id='par_1_5' title="bbox 351 1735 2387 1822">
     <span class='ocr_line' id='line_1_18' title="bbox 351 1735 2387 1822; baseline 0.001 -24"><span class='ocrx_word' id='word_1_148' title='bbox 351 1757 432 1799; x_wconf 89' lang='lat' dir='ltr'>ne</span> <span class='ocrx_word' id='word_1_149' title='bbox 478 1737 704 1822; x_wconf 71' lang='lat' dir='ltr'>ignota</span> <span class='ocrx_word' id='word_1_150' title='bbox 757 1741 993 1822; x_wconf 76' lang='lat' dir='ltr'>essent,</span> <span class='ocrx_word' id='word_1_151' title='bbox 1048 1735 1271 1800; x_wconf 75' lang='lat' dir='ltr'>Attico</span> <span class='ocrx_word' id='word_1_152' title='bbox 1326 1735 1653 1820; x_wconf 82' lang='lat' dir='ltr'>mandavi3</span> <span class='ocrx_word' id='word_1_153' title='bbox 1708 1758 1747 1798; x_wconf 92' lang='lat' dir='ltr'>a</span> <span class='ocrx_word' id='word_1_154' title='bbox 1790 1757 1896 1799; x_wconf 90' lang='lat' dir='ltr'>me</span> <span class='ocrx_word' id='word_1_155' title='bbox 1940 1740 2185 1821; x_wconf 78' lang='lat' dir='ltr'>autem,</span> <span class='ocrx_word' id='word_1_156' title='bbox 2243 1757 2387 1801; x_wconf 89' lang='lat' dir='ltr'>cum</span> 
     </span>
    </p>
   </div>
   <div class='ocr_carea' id='block_1_3' title="bbox 223 1823 2387 1909">
    <p class='ocr_par' dir='ltr' id='par_1_6' title="bbox 223 1823 2387 1909">
     <span class='ocr_line' id='line_1_19' title="bbox 223 1823 2387 1909; baseline 0.001 -22"><span class='ocrx_word' id='word_1_157' title='bbox 223 1884 228 1888; x_wconf 79' lang='grc'><strong>,</strong></span> <span class='ocrx_word' id='word_1_158' title='bbox 348 1824 615 1907; x_wconf 86' lang='lat' dir='ltr'>paulum</span> <span class='ocrx_word' id='word_1_159' title='bbox 652 1824 773 1888; x_wconf 79' lang='lat' dir='ltr'>otii</span> <span class='ocrx_word' id='word_1_160' title='bbox 817 1826 991 1889; x_wconf 74' lang='lat' dir='ltr'>nacti</span> <span class='ocrx_word' id='word_1_161' title='bbox 1014 1825 1286 1908; x_wconf 90' lang='lat' dir='ltr'>erimus,</span> <span class='ocrx_word' id='word_1_162' title='bbox 1334 1824 1667 1887; x_wconf 89' lang='lat' dir='ltr'>uberiores</span> <span class='ocrx_word' id='word_1_163' title='bbox 1701 1823 1951 1888; x_wconf 69' lang='lat' dir='ltr'>litteras</span> <span class='ocrx_word' id='word_1_164' title='bbox 1998 1828 2387 1909; x_wconf 73' lang='lat' dir='ltr'>exspectato,</span> 
     </span>
    </p>
   </div>
   <div class='ocr_carea' id='block_1_4' title="bbox 347 1911 2464 2084">
    <p class='ocr_par' dir='ltr' id='par_1_7' title="bbox 347 1911 2464 2084">
     <span class='ocr_line' id='line_1_20' title="bbox 349 1911 2389 2065; baseline 0.001 -90"><span class='ocrx_word' id='word_1_165' title='bbox 349 1911 464 2065; x_wconf 51' lang='grc' dir='ltr'>Βεῖἱ</span> <span class='ocrx_word' id='word_1_166' title='bbox 497 1934 785 1998; x_wconf 89' lang='lat' dir='ltr'>operam,</span> <span class='ocrx_word' id='word_1_167' title='bbox 831 1917 906 1978; x_wconf 74' lang='lat' dir='ltr'>ut</span> <span class='ocrx_word' id='word_1_168' title='bbox 950 1913 1177 1978; x_wconf 84' lang='lat' dir='ltr'>valeas.</span> <span class='ocrx_word' id='word_1_169' title='bbox 1267 1911 1413 1976; x_wconf 90' lang='lat' dir='ltr'>Hoc</span> <span class='ocrx_word' id='word_1_170' title='bbox 1462 1912 1626 1976; x_wconf 85' lang='lat' dir='ltr'>mihi</span> <span class='ocrx_word' id='word_1_171' title='bbox 1670 1911 1920 1998; x_wconf 75' lang='lat' dir='ltr'>gratius</span> <span class='ocrx_word' id='word_1_172' title='bbox 1965 1911 2176 1977; x_wconf 88' lang='lat' dir='ltr'>facere</span> <span class='ocrx_word' id='word_1_173' title='bbox 2221 1913 2389 1978; x_wconf 88' lang='lat' dir='ltr'>nihil</span> 
     </span>
     <span class='ocr_line' id='line_1_21' title="bbox 347 2017 2464 2084; baseline -0.005 -19"><span class='ocrx_word' id='word_1_174' title='bbox 347 2022 432 2084; x_wconf 93' lang='lat' dir='ltr'>po</span> <span class='ocrx_word' id='word_1_175' title='bbox 467 2022 550 2066; x_wconf 89' lang='lat' dir='ltr'>es.</span> <span class='ocrx_word' id='word_1_176' title='bbox 2412 2017 2464 2056; x_wconf 59' lang='grc' dir='ltr'>πο</span> 
     </span>
    </p>
   </div>
  </div>
 </body>
</html>
