2567 3884
346 190 476 254 348
1099 188 1611 244 EPISTULARUM

339 331 450 395 vix
501 331 630 414 ipsi·
681 330 954 416 singulis
1009 352 1154 395 cum
1216 331 1559 417 navigiolis
1622 332 2065 415 reciperemur.
2162 330 2373 407 Quam

340 418 793 520 indignitatem
840 418 1481 518 deminutionemque
1505 420 1553 503 †
1579 419 1931 482 maiestatis
1975 441 2111 483 non
2158 420 2372 483 solum

340 506 499 570 iuris
553 506 786 590 nostri,
841 506 953 569 sed
1005 507 1200 570 etiam
1253 507 1511 590 imperii
1554 507 1903 590 populique
1949 506 2233 570 Romani
2278 507 2374 569 id-

341 595 510 658 circo
581 594 880 694 tulimus,
954 594 1127 677 quod
1198 594 1569 678 interceptis
1641 594 1875 658 litteris
1939 616 2373 680 cognoramus

340 682 770 765 Dolabellam,
816 680 874 745 si
918 681 1312 782 desperasset
1357 681 1433 745 de
1481 679 1671 766 Syria
1700 681 2149 782 Aegyptoque,
2197 682 2376 766 quod
2426 699 2447 737 5

341 791 594 834 necesse
640 773 777 832 erat
820 769 988 852 fieri,
1048 769 1116 831 in
1161 769 1343 833 navis
1389 791 1534 833 611111
1581 770 1879 833 omnibus
1925 771 2058 834 suis
2102 771 2374 834 latroni-
2533 767 2539 850 1

342 859 463 921 bus
509 861 701 941 atque
748 857 925 921 omni
967 857 1238 939 pecunia
1274 856 1694 921 conscendere
1732 879 1865 921 esse
1901 862 2203 941 paratum
2248 855 2377 920 Ita·
2536 853 2541 930 1

340 946 622 1028 liamque
666 949 910 1029 petere3
956 944 1194 1008 idcirco
1241 945 1436 1008 etiam
1480 966 1673 1009 naves
1710 946 2049 1029 0116161166,
2096 967 2375 1029 quarum
2540 962 2542 1020 1

342 1033 557 1097 minor
599 1033 778 1096 nulla
823 1035 959 1095 erat
1005 1031 1203 1095 duum
1247 1033 1501 1096 11111111111
1548 1032 1954 1133 ampliorum,
2010 1037 2377 1097 contractas
2542 1058 2544 1098 ι

344 1122 412 1184 111
446 1120 645 1203 Lycia
681 1143 720 1183 a
755 1119 952 1182 classe
991 1119 1126 1184 eius
1164 1119 1461 1203 opsideri.
1534 1120 1745 1184 Huius
1790 1121 1883 1184 rei
1919 1121 2175 1204 timore,
2212 1143 2274 1204 p.
2303 1141 2374 1204 c.,
2403 1139 2451 1176 10
2544 1152 2546 1188 ι

343 1209 626 1292 percitus
670 1207 939 1271 iniurias
987 1208 1236 1291 perpeti
1283 1212 1349 1271 et
1394 1229 1538 1271 cum
1586 1208 1973 1277 contumelia
2018 1209 2218 1272 etiam
2262 1229 2377 1271 no-

346 1300 480 1359 stra
535 1295 752 1360 omnia
807 1296 987 1378 prius
1047 1295 1325 1378 experiri
1388 1296 1603 1360 malui.
1694 1294 1919 1379 Itaque
1974 1295 2056 1359 ad
2107 1296 2377 1359 illorum

344 1383 744 1448 voluntatem
780 1382 1183 1447 introductus
1225 1383 1294 1446 in
1331 1383 1558 1448 urbem
1595 1387 1660 1446 et
1695 1384 1764 1446 in
1800 1388 2093 1458 senatum
2131 1405 2377 1467 60111111,

347 1492 540 1554 quam
595 1470 1085 1556 diligentissime
1137 1470 1349 1555 potui,
1406 1492 1659 1536 causam
1714 1472 1808 1535 161
1860 1494 1920 1555 p.
1977 1471 2082 1556 egi
2126 1471 2379 1571 pericu-

343 1558 608 1641 lumque
673 1579 861 1622 omne
869 1609 888 1643 ,
952 1557 1126 1641 quod
1179 1559 1475 1643 instaret,
1539 1559 1595 1621 si
1648 1559 1759 1622 ille
1815 1558 1984 1623 latro
2040 1580 2189 1622 cum
2244 1559 2378 1622 suis
2406 1575 2453 1615 15
2552 1534 2554 1594 ¹

348 1646 646 1710 omnibus
690 1646 873 1709 navis
918 1645 1404 1730 conscendisset,
1451 1646 1732 1730 exposui.
1821 1646 2113 1710 Rhodios
2161 1651 2380 1710 autem
2554 1627 2557 1712 l

347 1737 530 1797 tanta
572 1734 640 1797 in
684 1734 1001 1817 pravitate
1047 1733 1487 1818 animadverti,
1534 1738 1606 1797 ut
1644 1755 1862 1798 omnes
1898 1735 2220 1798 firmiores
2264 1756 2381 1817 pu-

348 1826 560 1886 tarent
616 1843 807 1906 quam
861 1823 1065 1885 bonos
1073 1872 1091 1905 ,
1147 1825 1221 1885 ut
1273 1822 1440 1884 116116
1495 1822 1898 1884 concordiam
1946 1826 2011 1885 et
2056 1823 2383 1905 conspira-

346 1910 593 1975 tionem
648 1910 937 1974 omnium
993 1909 1292 1973 ordinum
1345 1910 1427 1973 ad
1490 1910 1949 1973 defendendam
2006 1909 2383 1973 libertatem

347 2019 662 2083 propense
707 2019 840 2061 non
886 1997 1216 2061 crederent
1261 2018 1397 2060 esse
1443 1997 1695 2081 factam,
1742 2001 1815 2060 ut
1858 1996 2241 2080 patientiam
2288 2019 2383 2061 se·
2410 2016 2459 2054 20

348 2091 538 2151 natus
575 2090 640 2149 et
669 2085 899 2169 optimi
928 2085 1232 2167 cuiusque
1268 2106 1526 2148 manere
1555 2084 1749 2147 etiam
1786 2106 1955 2148 nunc
1984 2085 2384 2149 confiderent

349 2195 467 2237 nec
510 2173 796 2257 potuisse
843 2172 1074 2236 audere
1122 2193 1508 2255 quemquam
1543 2171 1949 2236 Dolabellam
1991 2172 2252 2236 hostem
2288 2173 2385 2236 iu-

353 2261 579 2345 dicare,
617 2264 691 2323 ut
720 2261 992 2343 denique
1021 2260 1253 2344 omnia,
1283 2281 1447 2343 quae
1472 2260 1755 2343 improbi
1782 2259 2151 2344 fingebant,·
2170 2261 2384 2345 magis

350 2370 502 2411 vera
564 2347 1032 2432 existimarent,
1093 2369 1286 2430 quam
1342 2369 1504 2430 quae
1558 2369 1707 2412 vere
1760 2349 1931 2410 facta
1985 2351 2170 2411 erant
2224 2351 2291 2412 et
2348 2369 2387 2411 a

351 2435 542 2498 nobis
589 2435 996 2498 docebantur.
2411 2451 2461 2491 25

316 2519 320 2524 ’
486 2521 627 2598 Qua
665 2525 879 2585 mente
916 2522 1111 2586 etiam
1148 2526 1297 2586 ante
1332 2525 1626 2586 nostrum
1663 2521 2009 2587 adventum
2044 2525 2195 2605 post
2232 2521 2387 2586 Tre-

351 2610 510 2676 boni
554 2610 1069 2695 indignissimam
1124 2610 1381 2674 caedem
1434 2613 1769 2692 ceteraque
1813 2613 1916 2672 tot
1967 2613 2231 2693 tamque
2278 2631 2387 2673 ne-

351 2699 516 2762 faria
559 2698 844 2761 facinora
888 2698 1078 2761 binae
1121 2698 1447 2781 profectae
1492 2701 1674 2760 erant
1720 2697 1800 2760 ad
1844 2696 2253 2760 Dolabellam
2298 2697 2387 2761 le-

351 2787 646 2888 gationes
681 2807 929 2870 eorum,
976 2790 1040 2849 et
1078 2784 1337 2885 quidem
1381 2806 1551 2849 novo
1590 2785 1899 2868 exemp10,
1946 2786 2173 2849 contra
2207 2786 2387 2870 leges

352 2875 659 2958 ipsorum,
702 2873 1200 2957 prohibentibus
1245 2873 1353 2955 iis,
1400 2872 1512 2955 qui
1557 2875 1697 2935 tum
1741 2872 2159 2958 magistratus
2205 2894 2385 2958 gere-
2414 2891 2463 2930 so

353 2962 527 3025 bant.
618 2961 666 3044 †
701 2961 878 3025 Haec
913 2961 1047 3024 sive
1093 2960 1345 3044 timore,
1390 2964 1465 3023 ut
1504 2959 1818 3044 dictitant,
1867 2959 1944 3023 de
1981 2960 2174 3045 agris,
2222 2981 2387 3043 quos

355 3050 422 3113 in
470 3048 826 3112 continenti
869 3048 1128 3132 habent,
1174 3047 1309 3112 sive
1354 3048 1573 3111 furore
1618 3048 1753 3112 sive
1795 3047 2110 3130 patientia
2152 3069 2389 3130 pauco-

355 3159 526 3221 rum,
593 3136 705 3220 qui
760 3140 826 3200 et
879 3139 1066 3200 antea
1117 3135 1259 3218 pari
1316 3135 1705 3199 contumelia
1755 3136 1929 3199 viros
1995 3135 2387 3198 clarissimos

353 3225 719 3289 adfecerant
755 3227 820 3288 et
853 3245 1024 3287 nunc
1058 3222 1375 3286 maximos
1411 3222 1827 3308 magistratus
1870 3226 2168 3309 gerentes
2202 3223 2387 3286 nullo

355 3311 648 3394 exemplo
701 3332 908 3394 neque
953 3314 1176 3375 nostra
1221 3331 1300 3373 ex
1343 3314 1527 3393 parte
1571 3331 1779 3394 neque
1822 3314 2046 3374 nostro
2090 3331 2387 3393 praesen-
2414 3325 2465 3366 85

355 3399 521 3462 tium
557 3420 764 3482 neque
801 3398 1165 3462 imminenti
1202 3396 1427 3461 Italiae
1464 3397 1739 3481 urbique
1775 3402 2033 3462 nostrae
2076 3397 2385 3482 periculo,

357 3486 412 3548 si
457 3486 566 3549 ille
619 3485 940 3568 parricida
993 3507 1138 3549 cum
1194 3485 1327 3547 suis
1379 3485 1741 3548 latronibus
1784 3486 2057 3549 navibus
2104 3506 2183 3549 ex
2228 3485 2388 3549 Asia

2234 3824 2263 3829 .,.
2274 3824 2279 3826 .
2290 3809 2557 3827 --“μ.-.-«
