2567 3884
537 142 598 207 Q.
630 141 753 196 010.
781 142 877 194 DE
905 141 1132 197 PETIT.
1161 142 1260 195 AD
1298 142 1371 197 M.
1400 140 1656 196 FRATR.
1688 147 1877 196 8—13.
2068 140 2197 204 565

209 290 338 349 tum
377 285 571 349 habet
607 285 921 369 audaciae,
963 288 1215 348 tantum
1253 285 1593 369 nequitiae,
1638 288 1888 348 tantum
1927 284 2196 367 denique

209 375 271 437 in
312 374 572 437 libidine
618 372 772 436 artis
819 376 882 436 et
927 372 1339 457 efficacitatiS,
1389 376 1463 436 ut
1505 393 1705 456 prope
1748 373 1817 435 in
1860 375 2197 455 parentum

207 462 453 547 gremiis
509 464 940 545 praetextatos
996 461 1234 523 liberos
1294 446 1768 561 constuprari&
1851 459 2019 535 Quid
2076 481 2196 545 ego

206 571 364 613 nunc
413 550 536 613 tibi
591 550 666 611 de
711 548 961 632 Africa,
1013 548 1168 632 quid
1221 548 1298 611 de
1342 549 1604 612 testium
1650 548 1835 611 dlctis
1880 548 2197 611 scribam?

153 657 178 695 5
203 636 370 702 Nota
429 640 602 720 sunt,
667 641 730 699 et
783 659 855 700 ea
909 640 981 700 tu
1035 636 1284 720 saepius
1341 637 1569 722 legito3
1632 636 1742 700 sed
1804 639 2018 699 tamen
2074 636 2199 699 hoc

203 726 356 789 mihi
398 747 528 788 non
570 725 1204 808 praetermittendum
1247 725 1526 808 videtur,
1582 724 1752 808 quod
1795 724 2075 807 primum
2122 746 2199 787 ex

205 835 274 877 eo
327 813 558 876 iudicio
612 816 746 876 tam
799 835 989 898 egens
1045 813 1355 897 discessit,
1411 835 1601 896 quam
1647 811 1907 895 quidam
1958 811 2197 875 iudices

203 902 332 964 eius
375 905 520 964 ante
564 901 726 964 illud
769 901 867 984 [in
911 923 1056 965 eum
1100 901 1435 985 iudicium]
1482 902 1757 983 fuerunt,
1804 900 2027 963 deinde
2064 903 2197 962 tam

202 989 562 1074 invidiosuS,
606 991 679 1051 ut
715 989 888 1051 aliud
931 989 1000 1051 in
1036 1010 1180 1052 eum
1224 990 1531 1053 iudicium
1578 988 1809 1052 cotidie
1853 988 2195 1073 flagitetur.

122 1100 174 1136 ιο
199 1077 322 1139 Hic
374 1098 438 1140 se
493 1078 584 1140 sic
635 1076 856 1160 habet,
915 1080 988 1139 ut
1039 1078 1244 1163 magis
1289 1078 1587 1161 timeant,
1648 1075 1897 1140 etiamsi
1942 1076 2195 1159 quierit,

201 1186 385 1248 quam
447 1169 520 1228 ut
582 1168 1018 1247 contemnant,
1080 1164 1136 1227 si
1199 1166 1355 1248 quid
1413 1164 1842 1229 commoverit.
1944 1162 2195 1239 Quanto
2237 1180 2298 1227 11

198 1254 422 1316 melior
465 1252 588 1315 tibi
631 1253 889 1316 fortuna
931 1252 1261 1336 petitionis
1300 1254 1445 1316 data
1481 1256 1576 1317 est
1613 1275 1803 1336 quam
1848 1273 2051 1335 nuper
2085 1252 2197 1315 ho-

197 1342 354 1403 mini
397 1362 583 1424 nom,
629 1340 694 1403 G.
745 1338 988 1404 Coelio!
1045 1338 1163 1403 Ille
1210 1363 1354 1403 cum
1400 1341 1647 1405 duobus
1690 1340 2060 1404 hominibus
2105 1340 2197 1401 ita

196 1428 609 1492 nobilissimis
652 1429 935 1511 petebat,
987 1431 1061 1491 ut
1103 1433 1319 1491 tamen
1363 1429 1431 1491 in
1475 1430 1553 1492 iis
1601 1430 1815 1492 omnia
1857 1428 2061 1511 pluris
2107 1449 2197 1491 es-

117 1536 168 1576 15
199 1520 336 1580 sent
371 1538 562 1600 quam
607 1516 744 1599 ipsa
782 1516 1102 1600 nobilitaS,
1149 1538 1395 1580 summa
1439 1517 1711 1601 ingenia,
1756 1538 2040 1579 summus
2084 1537 2197 1599 pu-

199 1605 343 1688 dor,
387 1604 664 1689 plurima
705 1604 1041 1687 beneficia,
1095 1626 1343 1667 summa
1388 1606 1551 1668 ratio
1598 1626 1670 1667 ac
1716 1604 2049 1689 diligentia
2092 1626 2197 1687 pe-

195 1692 387 1755 tendi.
476 1691 572 1755 Ac
625 1695 838 1755 tamen
883 1714 1102 1755 eorum
1147 1692 1419 1755 alterum
1466 1691 1717 1755 Coelius
1724 1744 1742 1776 ,
1802 1714 1945 1755 cum
1990 1692 2196 1754 multo

194 1781 461 1859 inferior
506 1783 667 1843 esset
711 1801 968 1865 genere,
1014 1780 1303 1862 superior
1344 1780 1521 1843 nulla
1566 1802 1633 1842 re
1678 1801 1902 1863 paene,
1946 1801 2197 1862 supera—

190 1870 303 1933 vit.
367 1866 594 1943 'Quare
650 1868 802 1951 tibi,
862 1868 918 1931 si
970 1867 1160 1931 facies
1215 1890 1314 1951 ea,
1369 1890 1527 1951 quae
1579 1872 1807 1930 natura
1861 1870 1925 1929 et
1969 1867 2195 1951 studia,
2236 1884 2299 1931 12

109 1978 162 2016 20
191 1956 428 2041 quibus
472 1978 721 2039 semper
763 1977 914 2019 usus
959 1977 1050 2038 es,
1102 1955 1489 2041 largiuntur,
1544 1977 1704 2038 quae
1748 1955 2055 2038 temporis
2098 1956 2197 2017 tui

191 2046 358 2108 ratio
415 2044 754 2127 desiderat,
807 2066 966 2127 quae
1011 2048 1219 2127 poteS,
1279 2066 1439 2127 quae
1486 2043 1699 2127 debes,
1752 2065 1882 2106 non
1937 2043 2196 2106 difficile

190 2136 512 2195 certamen
583 2134 702 2196 erit
779 2154 922 2195 cum
1002 2132 1084 2195 iis
1154 2132 1679 2215 competitoribus
1696 2182 1713 2215 ,
1786 2132 1896 2213 qui
1966 2153 2197 2214 nequa-

189 2242 384 2302 quam
443 2223 590 2283 sunt
648 2223 780 2282 tam
838 2241 1068 2305 genere
1122 2220 1404 2305 insignes
1459 2241 1649 2303 quam
1702 2219 1879 2283 vitiis
1930 2219 2195 2283 nobiles.

189 2307 350 2382 Quis
413 2308 583 2371 enim
645 2308 910 2392 reperiri
971 2311 1184 2391 potest
1245 2312 1379 2371 tam
1442 2307 1771 2391 improbus
1834 2308 2021 2391 civiS,
2086 2308 2196 2391 qui

109 2414 157 2453 25
187 2395 350 2458 velit
408 2416 534 2459 uno
594 2396 898 2482 suffragio
959 2396 1112 2459 duas
1175 2396 1243 2459 in
1302 2418 1437 2460 rem
1493 2396 1815 2479 publicam
1876 2396 2037 2459 sicas
2096 2396 2197 2459 de-

187 2482 552 2567 stringere?

324 2569 657 2654 Quoniam,
703 2594 862 2654 quae
899 2572 1181 2635 subsidia
1215 2571 1519 2636 novitatis
1559 2573 1825 2636 haberes
1862 2575 1925 2634 et
1959 2571 2195 2634 habere

181 2680 426 2742 pouseS,
472 2660 752 2743 exposui,
795 2682 964 2723 nunc
1011 2660 1085 2723 de
1130 2660 1570 2745 magnitudine
1614 2659 1945 2742 petitionis
1991 2659 2196 2722 dieen-

184 2747 344 2810 dum
381 2746 648 2810 videtur.
732 2746 1146 2811 Consulatum
1187 2749 1372 2831 petis,
1418 2769 1545 2831 quo
1590 2748 1832 2810 honore
1876 2768 2063 2810 nemo
2101 2751 2197 2810 est

109 2854 150 2892 ιο
182 2834 348 2917 quin
403 2838 466 2897 te
523 2833 787 2919 dignum
841 2836 1212 2919 arbitretur,
1267 2835 1380 2899 sed
1420 2835 1635 2917 multi,
1691 2835 1801 2917 qui
1845 2834 2195 2919 invideant3

177 2922 356 3006 petis
403 2921 575 2985 enim
617 2922 810 2985 homo
857 2945 935 2988 ex
981 2922 1258 3007 equestri
1304 2923 1446 2986 loco
1494 2942 1812 2986 summum
1856 2922 2068 2985 locum
2115 2923 2197 2985 ci-

177 3010 429 3094 vitatis,
466 3014 656 3094 atque
692 3011 784 3075 ita
819 3032 1155 3095 summum,
1201 3013 1273 3073 ut
1310 3010 1465 3073 forti
1499 3010 1764 3093 homini,
1811 3010 2067 3094 disert0,
2102 3010 2195 3073 in-

176 3098 448 3161 nocenti
491 3098 697 3161 multo
734 3099 903 3162 idem
947 3099 1055 3162 ille
1098 3098 1305 3161 honos
1348 3098 1493 3180 plus
1530 3098 1967 3181 amplitudinis
2004 3120 2195 3181 quam

175 3186 416 3249 ceteris
470 3187 707 3250 afferat.
796 3186 952 3251 Noli
1004 3191 1232 3271 putare
1288 3206 1420 3270 eOS,
1481 3187 1591 3269 qui
1637 3190 1786 3249 sunt
1831 3208 1905 3250 eo
1950 3186 2195 3250 honore

110 3294 140 3333 5
172 3274 308 3357 usi,
358 3296 491 3337 non
527 3274 764 3359 videre,
810 3279 882 3338 tu
929 3296 1071 3339 cum
1118 3275 1288 3337 idem
1333 3274 1419 3338 sis
1465 3275 1746 3358 adeptus,
1794 3274 1947 3357 quid
1993 3275 2196 3360 digni—

171 3363 338 3425 tatis
385 3361 722 3427 habiturus
777 3364 878 3427 sis.
969 3362 1100 3427 Eos
1144 3384 1323 3447 ver0,
1380 3363 1489 3446 qui
1535 3363 1971 3426 consularibus
2017 3363 2195 3426 fami-

166 3450 283 3513 liis
333 3452 474 3514 nati
524 3451 737 3515 locum
790 3452 1105 3515 maiorum
1153 3452 1473 3515 consecuti
1517 3472 1647 3515 non
1692 3455 1863 3538 sunt,
1910 3452 2197 3536 suspicor

2240 2535 2285 2596 4

2234 2626 2299 2673 13
