2567 3884
229 3444 262 3490 ὃ

297 206 428 270 206
1036 201 1551 257 EPISTULARUM

297 349 731 432 tribunatum,
787 346 1040 411 Laelios
1101 349 1165 409 et
1221 345 1543 410 Antonios
1602 349 1667 410 et
1724 345 1793 409 id
1848 368 2049 433 genus
2106 344 2321 410 valen-

299 438 386 500 tis
431 436 590 500 dico,

432 524 566 588 Has
630 545 752 609 ego
815 523 940 587 tibi
1003 522 1252 586 litteras
1312 544 1387 587 eo
1446 522 1688 586 maiore
1750 522 1899 586 misi
1956 522 2316 606 intervallO,

302 613 474 696 quod
518 613 924 676 comitiorum
972 611 1309 675 dilationes
1349 610 1818 693 occupatiorem
1852 632 1956 674 me
1989 610 2317 674 habebant

301 705 365 764 et
411 703 741 785 expectare
786 697 856 763 in
903 699 1036 763 dies
1071 699 1317 763 exitum
1354 699 1686 785 cogebant,
1731 702 1805 763 ut
1841 698 2147 763 confectis
2182 719 2316 762 om-
2372 717 2404 757 5

300 788 490 851 nibus
534 791 600 851 te
644 789 917 852 facerem
963 787 1317 852 certiorem.
1361 785 1468 850 Ad
1502 786 1581 851 K.
1619 785 1790 851 Sext.
1826 808 2027 871 usque
2064 807 2317 871 exspec-

299 876 449 940 tavi.
538 875 887 940 Praetoriis
920 897 1138 940 morae
1153 921 1157 926 ·
1175 875 1484 959 quaedam
1520 874 1896 939 inciderunt.
1940 873 2085 938 Mea
2118 896 2316 958 porro

303 964 564 1028 comitia
591 985 780 1048 quem
818 968 1115 1028 eventum
1151 964 1281 1027 sint
1315 963 1635 1047 habitura,
1670 963 1912 1048 nesci03
1948 963 2315 1047 opinionem

303 1052 580 1137 quidem,
626 1052 799 1136 quod
843 1052 923 1116 ad
956 1051 1226 1115 Hirrum
1273 1052 1521 1136 attinet,
1566 1051 2007 1115 incredibilem
2051 1050 2182 1113 aed.
2227 1049 2313 1133 pl.

304 1140 582 1205 comitiis
645 1144 832 1204 nacta
904 1143 1067 1204 sunt.
1173 1138 1345 1204 Nam
1406 1138 1493 1203 M.
1550 1138 1840 1203 Coelium
1902 1138 2315 1203 Vinicianum
2344 1158 2402 1197 10

301 1229 544 1293 mentio
590 1228 704 1292 illa
746 1229 948 1312 fatua,
996 1250 1187 1312 quam
1235 1227 1655 1291 deriseramus
1700 1227 1880 1311 olim,
1928 1231 1991 1290 et
2033 1226 2317 1311 promul-

303 1316 480 1403 gatio
538 1316 614 1380 de
670 1316 978 1380 dictatore
1037 1315 1252 1379 subito
1310 1315 1539 1380 deiecit
1594 1319 1657 1379 et
1713 1315 2025 1379 deiectum
2077 1335 2314 1400 magno

305 1405 580 1469 clamore
625 1404 910 1469 insecuta
953 1408 1065 1469 est.
1121 1402 1278 1467 Inde
1313 1403 1584 1469 Hirrum
1622 1404 1834 1467 cuncti
1879 1404 2006 1466 iam
2050 1424 2181 1466 non
2225 1403 2317 1466 fa-

305 1493 599 1557 ciendum
668 1493 975 1578 flagitare.
1086 1490 1286 1575 Spero
1351 1496 1416 1556 te
1490 1492 1780 1556 celeriter
1842 1495 1906 1555 et
1970 1492 2046 1554 de
2107 1490 2315 1575 nobiS‚

304 1581 477 1664 quod
529 1581 829 1665 sperasti,
883 1584 947 1645 et
994 1580 1070 1644 de
1116 1580 1256 1665 illo,
1312 1580 1485 1665 quod
1536 1580 1647 1644 vix
1700 1601 1953 1663 sperare
1997 1599 2185 1643 ausus
2231 1600 2316 1663 es,
2346 1595 2402 1635 1⁵

304 1669 688 1732 auditurum.

437 1756 534 1820 De
588 1778 658 1819 re
709 1780 769 1840 p.
826 1756 954 1819 iam
1012 1758 1165 1820 novi
1224 1756 1567 1840 quicquam
1626 1758 1989 1839 exspectare
2048 1754 2319 1819 desiera-

303 1866 472 1929 mus3
519 1845 646 1929 sed,
693 1866 838 1907 cum
884 1848 1138 1909 senatus
1181 1844 1443 1910 habitus
1491 1847 1653 1907 esset
1690 1843 1771 1907 ad
1806 1842 2127 1927 Apollinis
2164 1865 2215 1906 a.
2257 1844 2315 1907 d.

300 1950 376 1995 XI
412 1932 490 1995 K.
531 1931 692 2017 Sex„
729 1936 794 1997 et
829 1934 1175 1996 referretur
1211 1932 1289 1995 de
1326 1932 1644 2015 stipendio
1675 1930 1786 1995 Cn.
1812 1930 2097 2015 Pompei,
2140 1952 2319 1995 men-

300 2022 395 2085 tio
450 2022 619 2084 facta
672 2024 768 2085 est
826 2021 900 2084 de
953 2021 1207 2107 legione
1262 2042 1361 2104 ea,
1417 2041 1609 2104 quam
1663 2041 2001 2103 expensam
2044 2020 2198 2082 tulit
2246 2018 2315 2083 C.
2348 2038 2406 2078 20

303 2104 557 2173 'Caesari
599 2107 944 2193 Pompeius
951 2160 968 2193 ‚
1015 2129 1142 2192 quo
1186 2130 1455 2173 numero
1501 2111 1690 2191 esset,
1736 2108 1947 2191 quoad
1987 2109 2319 2190 pateretur

302 2219 442 2261 eam
468 2196 812 2282 Pompeius
859 2218 991 2261 esse
1038 2197 1106 2259 in
1135 2195 1358 2261 Gallia.
1436 2194 1706 2259 Coactus
1752 2198 1847 2258 est
1884 2194 2091 2259 dicere
2126 2194 2317 2258 Pom-

299 2285 482 2368 peius
541 2307 607 2349 se
664 2285 983 2372 legionem
1042 2285 1497 2368 abducturum,
1561 2284 1672 2348 sed
1727 2304 1857 2346 non
1915 2284 2134 2347 statim
2192 2283 2313 2346 sub

299 2372 692 2437 mentionem
747 2378 811 2437 et
866 2372 1224 2437 convicium
1272 2373 1800 2456 obtrectatorum3
1853 2370 2001 2435 inde
2047 2371 2316 2435 interro-

300 2464 490 2547 gatus
546 2461 622 2525 de
676 2462 1069 2525 successione
1117 2459 1183 2525 O.
1234 2459 1545 2545 Caesaris3
1600 2459 1676 2523 de
1722 2481 1872 2543 qua,
1924 2460 2050 2523 hoc
2094 2462 2190 2523 est
2234 2458 2314 2523 de
2345 2476 2402 2517 25

299 2549 674 2634 provinciis,
726 2550 1035 2633 placitum
1089 2552 1211 2635 est,
1265 2553 1339 2613 ut
1393 2570 1584 2632 quam
1637 2548 1917 2632 primum
1962 2548 2043 2610 ad
2086 2547 2315 2611 urbem

300 2640 727 2701 reverteretur
771 2636 881 2701 On.
918 2635 1280 2722 Pompeius,
1326 2640 1400 2701 ut
1445 2657 1657 2700 coram
1695 2657 1770 2699 eo
1809 2635 1885 2699 de
1921 2634 2315 2699 successione

299 2726 774 2809 provinciarum
829 2728 1150 2812 ageretur;
1202 2748 1352 2790 nam
1403 2724 1773 2788 Ariminum
1828 2723 1909 2786 ad
1962 2723 2315 2787 exercitum
2360 2775 2365 2778 ,

299 2813 643 2897 Pompeius
689 2816 824 2877 erat
877 2815 1086 2878 iturus
1139 2816 1205 2877 et
1249 2813 1467 2877 statim
1512 2811 1607 2876 iit.
1695 2810 1865 2875 Puto
1908 2810 2131 2875 Idibus
2169 2809 2312 2875 Sex.

304 2902 378 2966 de
425 2923 500 2965 ea
543 2923 613 2967 re
659 2906 870 2966 actum
916 2902 1014 2965 iri.
1103 2900 1403 2965 Profecto
1450 2904 1561 2964 aut
1613 2899 2006 2986 transigetur
2050 2898 2314 2983 aliquid,
2342 2918 2400 2957 80

301 2993 412 3053 aut
465 2989 742 3074 turpiter
803 2988 1256 3075 intercedetur3
1319 3011 1469 3053 nam
1527 2989 1595 3052 in
1650 2988 2031 3072 disputando
2087 2987 2317 3051 coiecit

301 3076 479 3142 illam
537 3098 760 3142 vocem
821 3075 929 3142 Cn.
989 3076 1361 3162 Pompeius,
1425 3097 1643 3140 omnes
1707 3079 2001 3160 oportere
2064 3075 2318 3139 senatui

302 3160 472 3230 dicto
533 3166 860 3230 audientes
917 3187 1068 3230 esse.
1177 3165 1322 3252 Ego
1381 3168 1595 3229 tamen
1654 3164 1746 3228 sic
1797 3163 1961 3226 nihil
2016 3166 2316 3247 exspecto

301 3274 430 3336 quo
455 3254 647 3318 modo
673 3252 961 3339 Paulum,
999 3274 1122 3318 cos.
1163 3254 1581 3340 designatum,
1616 3252 1897 3337 primum
1933 3250 2316 3316 sententiam

303 3340 631 3407 dicentem.
2341 3356 2397 3397 35

435 3426 698 3513 Saepius
750 3434 816 3493 te
871 3430 1180 3494 admoneo
1229 3430 1305 3493 de
1360 3430 1727 3516 syngrapha
1774 3428 2049 3494 Sittiana
2096 3425 2313 3515 (cupio

301 3514 470 3578 enim
514 3520 579 3580 te
632 3517 1003 3603 intellegere
1052 3540 1198 3583 eam
1253 3539 1389 3582 rem
1436 3518 1516 3581 ad
1559 3542 1662 3583 me
1706 3518 1892 3584 valde
1937 3514 2315 3605 pertinere);

2543 713 2567 777 ⁴

2564 3029 2567 3124 1

2536 3137 2567 3192 d
