2567 3884
937 154 1154 208 LIBER.
1189 155 1268 209 1v
1309 161 1534 209 11—13.
2174 157 2260 221 99

215 301 653 384 pepercerant,
691 297 994 362 inventus
1023 301 1119 361 est
1147 298 1407 383 amicus,
1445 299 1557 383 qui
1585 298 1645 361 ei
1670 302 1948 363 mortem
1980 302 2258 365 offerret.

215 384 364 472 Ego
409 390 629 451 tamen
676 386 762 449 ad
804 386 1291 450 tabernaculum
1328 387 1465 450 eius
1499 387 1773 471 perrexi.
1832 386 2061 453 Inveni
2098 389 2259 453 duos
2295 408 2327 456 3

216 474 489 538 libertos
534 478 603 539 et
645 474 956 559 pauculos
992 496 1235 560 servos3
1282 474 1565 558 reliquos
1602 474 1860 539 aiebant
1892 476 2258 563 profugisse

217 566 401 625 metu
445 562 855 647 perterritos,
916 564 1091 647 quod
1149 563 1447 627 (10111111118
1502 584 1726 628 eorum
1772 567 1919 629 ante
1964 563 2257 629 taberna—

169 665 193 705 5
221 642 442 713 culum
496 650 876 715 interfectus
930 654 1111 715 esset.
1215 649 1489 716 Coactus
1542 672 1687 715 sum
1740 651 1811 715 in
1864 651 2083 716 eadem
2144 652 2258 716 illa

217 738 477 823 lectica,
536 760 665 823 qua
715 738 855 823 ipse
911 739 1158 803 delatus
1204 761 1410 824 eram,
1468 739 1755 823 meisque
1799 740 2141 805 lecticariis
2186 740 2257 804 in

218 827 452 891 urbem
488 848 637 891 eum
681 828 921 892 referre
975 827 1195 911 ibique
1240 849 1360 911 pro
1408 850 1481 892 ea
1526 829 1727 913 copia,
1773 849 1935 912 quae
1978 827 2255 893 Athenis

220 918 362 979 erat
375 966 392 999 ,
453 916 646 979 funus
706 915 767 979 ei
825 914 981 979 satis
1039 916 1326 1000 amplum
1386 915 1749 980 faciendum
1808 916 2042 980 curavi.
2146 914 2255 979 Ab

219 1002 760 1088 Atheniensibus,
818 1004 1034 1067 locum
1096 1004 1463 1088 sepulturae
1515 1004 1688 1067 intra
1741 1004 1969 1069 urbem
2022 1007 2096 1067 ut
2151 1002 2257 1067 da-

147 1107 196 1146 10
220 1095 395 1176 rent,
441 1091 788 1176 impetrare
830 1112 963 1155 non
1005 1091 1218 1177 potui,
1265 1092 1441 1175 quod
1483 1091 1796 1193 religione
1841 1114 1908 1158 se
1954 1092 2256 1176 impediri

223 1178 538 1264 dicerent,
591 1201 798 1263 neque
842 1183 1059 1243 tamen
1105 1180 1173 1243 id
1217 1184 1406 1244 antea
1451 1180 1750 1264 cuiquam
1796 1184 2252 1245 concesserant.

223 1267 415 1344 Quod
458 1268 828 1352 proximum
874 1268 1027 1351 fuit,
1082 1267 1205 1352 uti,
1252 1268 1323 1331 in
1368 1289 1498 1352 quo
1543 1268 1854 1333 vellemus
1884 1268 2255 1370 gymnasio,

221 1378 375 1420 eum
420 1356 860 1441 sepeliremus,
913 1355 1103 1420 nobis
1156 1356 1602 1457 permiserunt.
1693 1356 1832 1422 Nos
1877 1357 1946 1421 in
1990 1356 2257 1422 nobilis-

221 1446 390 1509 simo
447 1444 593 1509 orbi
646 1448 965 1508 terrarum
1019 1446 1358 1530 gymnasio
1403 1444 1786 1509 Academiae
1830 1446 2045 1511 locum
2091 1445 2259 1509 dele-

148 1546 197 1587 15
221 1534 440 1620 gimus
494 1532 716 1617 ibique
775 1554 922 1596 eum
982 1532 1426 1597 conbussimus
1479 1536 1828 1618 posteaque
1875 1534 2255 1618 curavimuS,

221 1626 295 1687 ut
342 1621 554 1685 eidem
598 1619 1024 1685 Athenienses
1077 1620 1148 1683 in
1193 1621 1419 1685 eodem
1470 1621 1615 1686 loco
1660 1627 2150 1686 monumentum
2196 1622 2256 1685 ei

219 1730 658 1775 marmoreum
694 1708 1058 1773 faciendum
1093 1709 1398 1773 locarent.
1478 1708 1597 1794 Ita,
1644 1731 1807 1793 quae
1850 1714 2071 1774 nostra
2118 1710 2257 1773 offi-

222 1799 321 1863 cia
366 1799 632 1862 fuerunt
675 1819 795 1881 pro
842 1797 1116 1883 collegio
1163 1800 1228 1861 et
1271 1819 1393 1882 pro
1438 1798 1949 1883 propinquitate,
1996 1801 2061 1861 et
2105 1797 2256 1862 vivo

223 1892 288 1951 et
334 1890 598 1950 mortuo
647 1885 862 1950 omnia
899 1885 958 1949 ei
993 1886 1451 1970 praestitimus.
1516 1885 1695 1950 Vale.
1759 1885 1837 1950 D.
1873 1909 1969 1971 pr.
1999 1885 2077 1949 K.
2115 1884 2255 1949 Iun.

149 1986 196 2026 2⁰
220 1974 521 2039 Athenis.

1157 2164 1334 2231 XIII.

655 2304 769 2360 scr.
808 2305 1016 2359 Romae
1052 2305 1218 2359 mm.
1259 2304 1406 2360 Sext.
1445 2323 1497 2359 a.
1540 2309 1652 2360 708
1692 2309 1830 2375 (46).

741 2445 817 2500 M.
857 2444 1112 2499 CICERO
1158 2443 1211 2500 S.
1247 2444 1315 2499 D.
1354 2444 1415 2499 P.
1458 2443 1742 2502 FIGULO.

360 2590 709 2668 Quaerenti
734 2588 943 2653 mihi
925 2610 1055 2653 iam
1084 2588 1211 2673 diu,
1249 2588 1409 2672 quid
1444 2589 1526 2652 ad
1560 2592 1626 2654 te
1660 2590 2071 2674 potissimum
2108 2590 2257 2655 scri-
2297 2609 2323 2657 1

151 2705 200 2746 25
224 2683 477 2764 berem,
530 2699 664 2744 non
714 2677 908 2742 modo
964 2680 1137 2740 certa
1180 2698 1282 2740 res
1337 2677 1546 2763 nulla,
1600 2678 1712 2742 sed
1754 2701 1836 2743 ne
1879 2701 2083 2766 genus
2121 2680 2258 2762 qui-

225 2772 372 2835 dem
416 2731 782 2832 li'tterarum
835 2764 1146 2829 usitatum
1190 2764 1489 2830 veniebat
1533 2765 1603 2828 in
1654 2770 1953 2831 mentem.
2042 2765 2257 2831 Unam

227 2858 402 2923 enim
436 2859 689 2941 partem
724 2856 790 2918 et
825 2852 1352 2918 consuetudinem
1390 2876 1609 2918 earum
1646 2855 2080 2939 epistolarum,
2120 2855 2257 2938 qui-

226 2949 350 3011 bus
409 2943 702 3009 secundis
759 2942 952 3006 rebus
1005 2942 1104 3006 uti
1156 2941 1550 3027 solebamus,
1608 2946 1862 3027 tempus
1915 2942 2256 3027 eripuerat,

227 3035 709 3134 perfeceratque
770 3031 1057 3115 fortuna,
1120 3051 1202 3094 ne
1261 3030 1419 3114 quid
1479 3030 1608 3094 tale
1665 3030 1944 3095 scribere
1999 3051 2256 3115 possem

155 3144 204 3183 ao
230 3127 344 3187 aut
403 3120 665 3185 omnino
729 3117 1029 3205 cogitare.
1118 3117 1633 3203 Relinquebatur
1686 3117 1872 3183 triste
1933 3118 2253 3202 quoddam

231 3216 295 3276 et
354 3208 663 3273 miserum
725 3211 792 3270 et
860 3206 964 3271 his
1025 3205 1425 3290 temporibus
1488 3209 1981 3271 consentaneum
2099 3229 2255 3271 enus

228 3298 609 3363 litterarum.
698 3293 776 3358 Id
821 3315 1076 3379 quoque
1123 3294 1458 3359 deficiebat
1500 3315 1631 3377 me,
1689 3294 1758 3357 in
1806 3315 1933 3377 quo
1982 3295 2058 3361 de
2107 3295 2256 3361 ebat

232 3408 368 3452 esse
421 3387 532 3449 aut
583 3383 926 3469 promissio
982 3382 1206 3445 auxilii
1262 3382 1531 3447 alicuius
1589 3385 1700 3446 aut
1746 3382 2099 3449 consolatio
2147 3385 2254 3449 do-

229 3474 387 3540 loris
441 3472 556 3537 tui.
650 3470 837 3547 Quod
887 3470 1249 3555 pollicerer,
1302 3492 1434 3535 non
1489 3473 1655 3554 erat3
1714 3470 1850 3555 ipse
1896 3470 2069 3538 enim
2111 3473 2254 3557 pari

1829 3575 1897 3628 17*
