2567 3884
1049 957 1266 1012 LIBER
1322 957 1695 1013 SECUNDUS

564 1063 700 1148 AD
764 1081 830 1147 c,
895 1081 1449 1149 GURIONEM
1507 1082 1635 1148 ΕΤ
1697 1081 2188 1149 CETEROS.

1345 1257 1396 1325 Ι.

982 1379 1095 1436 Ser.
1134 1381 1344 1436 Romae
1380 1399 1432 1435 a.
1473 1384 1581 1436 701
1621 1384 1760 1450 (53).

890 1503 966 1558 M.
1015 1502 1271 1558 CICERO
1322 1503 1374 1560 S.
1420 1504 1487 1559 D.
1536 1502 1849 1559 CURIONL
2443 1529 2477 1569 5

293 1646 321 1694 1
497 1627 898 1714 Quamquam
933 1649 1037 1693 me
1072 1630 1334 1694 nomine
1370 1629 1814 1716 neglegentiae
1852 1633 2219 1714 suspectum
2254 1631 2383 1695 tibi

361 1739 496 1782 esse
545 1717 756 1803 doleo,
809 1721 1026 1782 tamen
1079 1739 1211 1781 non
1255 1722 1390 1783 tam
1435 1718 1598 1782 mihi
1643 1717 1988 1782 molestum
2033 1719 2159 1783 fuit
2204 1739 2385 1783 accu-

361 1806 487 1870 sari
545 1807 661 1870 abs
718 1770 783 1871 t’e
844 1805 1131 1869 officium
1188 1828 1405 1871 meum
1465 1828 1658 1890 quam
1716 1806 2065 1871 iucundum
2123 1807 2385 1892 requiri,

358 1895 736 1980 praesertim
782 1916 996 1979 quom,
1041 1893 1111 1958 in
1157 1916 1284 1979 quo
1324 1894 1682 1980 accusabar,
1728 1894 1915 1978 culpa
1950 1916 2266 1979 vacarem,
2312 1896 2384 1959 in

360 2005 488 2068 quo
525 1987 740 2048 autem
777 1983 1132 2047 desiderare
1167 1987 1233 2047 te
1269 1981 1679 2070 significabas
1713 2005 1887 2046 meas
1921 1982 2188 2067 litteraS,
2228 2005 2382 2068 prae
2409 2004 2473 2044 10

357 2075 423 2136 te
468 2072 667 2136 ferres
710 2074 1115 2156 perspectum
1160 2071 1324 2134 mihi
1370 2071 1655 2155 quidem,
1714 2071 1828 2135 sed
1869 2074 2085 2135 tamen
2132 2071 2383 2136 dulcem

358 2163 423 2224 et
469 2163 762 2244 optatum
817 2179 1100 2223 amorem
1152 2163 1355 2223 tuum.
1445 2158 1767 2244 Equidem
1824 2159 2145 2224 neminem
2204 2182 2383 2244 prae—

357 2247 623 2332 termisi,
669 2268 860 2330 quem
905 2247 1164 2329 quidem
1209 2247 1293 2311 ad
1326 2251 1393 2311 te
1426 2251 1884 2331 perventurum
1919 2251 2231 2333 putarem,
2278 2248 2382 2313 cui

357 2335 606 2399 litteras
650 2357 783 2399 non
821 2334 1130 2421 dederim3
1176 2335 1415 2400 etenim
1452 2336 1596 2419 quis
1634 2339 1730 2400 est
1765 2338 1902 2399 tam
1938 2336 2006 2399 in
2043 2336 2381 2401 scribendo

357 2423 636 2509 impiger
680 2445 873 2507 quam
927 2423 1094 2508 ego‘?
1149 2445 1186 2486 a
1239 2427 1305 2487 te
1351 2445 1503 2488 vero
1557 2423 1660 2487 bis
1712 2425 1891 2487 terve
1945 2446 2269 2488 summum
2317 2428 2383 2488 et
2408 2443 2463 2484 15

359 2533 464 2576 eas
507 2511 837 2596 perbrevis
892 2511 1121 2595 accepi.
1214 2509 1449 2597 Quare,
1506 2511 1560 2576 si
1606 2511 1866 2595 iniquus
1912 2533 1978 2576 es
2022 2512 2093 2575 in
2136 2534 2241 2577 me
2286 2512 2383 2578 iu—

359 2600 506 2685 dex,
566 2599 1003 2663 condemnabo
1063 2599 1286 2664 eodem
1347 2622 1467 2686 ego
1526 2603 1591 2664 te
1650 2600 1941 2685 crimine3
2000 2600 2102 2664 sin
2155 2621 2259 2664 me
2313 2601 2384 2664 id

356 2689 564 2753 facere
607 2687 804 2771 noleS,
849 2691 914 2751 te
960 2687 1123 2752 mihi
1167 2709 1443 2772 aequum
1486 2688 1791 2771 praebere
1835 2688 2111 2753 debebis.

491 2774 618 2840 Sed
664 2776 740 2840 de
785 2775 1020 2840 litteris
1063 2775 1398 2862 hactenus3
1442 2798 1575 2840 non
1621 2776 1792 2840 enim
1836 2797 2078 2862 vereor,
2121 2797 2203 2840 ne
2249 2798 2383 2841 non

355 2864 692 2929 scribendo
738 2868 804 2928 te
849 2864 1170 2949 expleam,
1214 2865 1591 2949 praesertim
1637 2864 1691 2928 si
1737 2864 1807 2928 in
1852 2885 1927 2928 eo
1972 2886 2207 2951 genere
2250 2868 2384 2928 stu·
2412 2884 2466 2924 zo

285 2971 318 3018 2
358 2953 535 3016 dium
579 2975 796 3017 meum
839 2974 973 3016 non
1017 2953 1452 3036 aspernabere.
1544 2951 1689 3038 Ego
1724 2953 1790 3016 te
1826 2952 2061 3017 afuisse
2097 2957 2233 3017 tam
2271 2953 2383 3017 diu

357 3064 394 3105 a
437 3041 627 3106 nobis
673 3045 737 3106 et
784 3040 978 3126 dolui,
1025 3042 1199 3124 quod
1244 3040 1419 3104 carui
1454 3041 1669 3104 fructu
1705 3041 2198 3105 iucundissimae
2236 3061 2384 3105 con-

357 3129 731 3214 suetudiniS,
777 3133 841 3194 et
885 3128 1107 3213 laetor,
1154 3129 1329 3212 quod
1372 3129 1601 3192 absens
1649 3129 1865 3193 omnia
1910 3149 2056 3193 cum
2100 3129 2386 3194 maxima

357 3217 671 3303 dignitate
709 3239 775 3282 es
812 3221 1206 3302 consecutus,
1245 3217 1544 3301 quodque
1580 3217 1649 3280 in
1687 3217 1985 3282 omnibus
2021 3217 2152 3280 tuis
2189 3218 2384 3282 rebus

354 3305 516 3369 meis
571 3305 808 3406 optatis
861 3305 1122 3370 fortuna
1174 3306 1521 3388 respondit.
1613 3304 1817 3371 Breve
1873 3309 1969 3370 est
1976 3356 1994 3390 ,
2050 3305 2226 3388 quod
2279 3328 2385 3370 me
2413 3323 2467 3364 25

354 3392 480 3457 tibi
541 3393 907 3476 praecipere
967 3415 1149 3457 meus
1213 3393 1609 3458 incredibilis
1672 3394 1741 3457 in
1804 3397 1870 3456 te
1936 3415 2119 3458 amor
2187 3395 2382 3481 cogit.

357 3479 563 3544 Tanta
608 3484 704 3544 est
749 3481 1108 3565 expectatio
1153 3481 1257 3546 vel
1303 3481 1500 3546 animi
1546 3479 1649 3548 vel
1694 3481 1940 3568 ingenii
1984 3482 2101 3568 tui,
2147 3485 2221 3546 ut
2260 3504 2382 3569 ego
