2567 3884
350 198 394 263 2
1104 196 1621 251 EPISTULARUM

349 361 468 404 nec
492 340 790 426 precibus
816 339 1055 405 nostris
1088 361 1206 426 nec
1233 339 1781 404 admonitionibus
1808 339 2117 423 relinquit
2140 338 2403 425 locum,

351 451 502 493 nam
557 450 703 493 cum
755 430 825 492 in
877 450 1169 493 sermone
1214 429 1539 493 cotidiano
1591 432 1733 492 tum
1777 428 1847 492 in
1890 432 2115 492 senatu
2157 428 2402 511 palam

352 517 446 582 sic
507 517 642 603 egit
706 538 960 582 causam
1021 522 1200 581 tuam
1213 569 1231 601 ,
1296 520 1370 580 ut
1431 538 1639 600 neque
1702 516 2067 600 eloquentia
2129 516 2401 580 maiore

354 604 693 689 quisquam
761 626 881 669 nec
939 606 1257 691 gravitate
1318 625 1437 669 nec
1508 603 1721 670 studio
1784 625 1903 668 nec
1964 604 2400 668 contentione

354 713 541 778 agere
583 694 886 780 potuerit,
932 714 1078 756 cum
1122 715 1373 757 summa
1406 692 1855 757 testificatione
1890 695 2151 756 tuorum
2192 692 2262 755 in
2318 713 2400 756 se
2428 716 2467 756 5

353 780 717 845 officiorum
775 784 840 845 et
897 781 1134 845 amoris
1192 785 1347 866 erga
1402 785 1468 845 te
1526 780 1643 845 sui.
1740 779 2186 844 Marcellinum
2248 779 2400 844 tibi

353 889 489 933 esse
533 868 770 933 iratum
814 869 962 955 sois,
1007 869 1064 932 is
1105 869 1228 932 hac
1271 869 1451 955 regia
1495 890 1683 932 causa
1726 871 1989 954 excepta
2034 868 2261 934 ceteris
2316 868 2400 932 in

353 957 545 1021 rebus
579 979 650 1021 se
685 957 1065 1020 acerrimum
1100 957 1200 1020 tui
1234 956 1633 1021 defensor-em
1669 956 1808 1021 fore
1844 957 2139 1020 ostendit.
2186 955 2399 1032 Quod

355 1045 489 1130 dat,
535 1044 906 1129 accipimus3
966 1044 1139 1128 quod
1192 1045 1477 1109 instituit
1510 1045 1765 1119 ‚referre
1819 1044 1897 1108 de
1950 1045 2264 1130 religione
2320 1049 2398 1108 et

283 1152 316 1202 3
354 1154 541 1216 saepe
585 1133 716 1196 iam
758 1132 998 1218 retulit,
1043 1132 1125 1196 ab
1171 1153 1246 1196 eo
1295 1133 1520 1196 deduci
1562 1153 1695 1196 non
1737 1136 1966 1216 potest.
2056 1131 2186 1196 Res
2224 1137 2392 1197 ante
2422 1157 2489 1198 ιο

350 1218 506 1284 Idus
551 1223 692 1284 acta
727 1221 820 1284 sic
855 1224 951 1284 est
1024 1243 1173 1284 nam
1206 1221 1367 1284 haec
1398 1218 1622 1284 Idibus
1656 1242 1844 1285 mane
1878 1217 2158 1306 scripsi):
2203 1219 2392 1285 Hor-

354 1307 521 1373 tensi
580 1311 645 1372 et
700 1330 844 1372 mea
899 1312 965 1394 et
1075 1308 1275 1373 uculli
1332 1309 1651 1374 sententia
1706 1309 1874 1372 cedit
1933 1307 2235 1395 religioni
2296 1309 2388 1373 de

356 1395 666 1482 exercitu3
727 1395 932 1461 teneri
996 1397 1166 1460 enim
1224 1418 1327 1460 res
1384 1397 1572 1461 aliter
1627 1418 1759 1461 non
1815 1399 2055 1482 potest3
2117 1397 2230 1461 sed
2294 1418 2387 1461 ex

355 1484 469 1548 illo
534 1487 791 1548 senatus
854 1485 1171 1569 consulto,
1235 1485 1410 1569 quod
1466 1487 1532 1549 te
1589 1485 1903 1549 referente
1960 1485 2201 1548 factum
2256 1490 2384 1570 est,

353 1572 480 1636 tibi
526 1571 823 1656 decernit,
867 1576 942 1636 ut
985 1594 1204 1658 regem
1244 1572 1527 1657 reducas,
1573 1573 1747 1657 quod
1790 1573 2123 1637 commodo
2167 1573 2267 1636 rei
2310 1596 2380 1657 p.
2410 1595 2471 1638 ιε

353 1660 563 1724 facere
606 1660 838 1746 possiS,
884 1664 959 1724 ut
1003 1660 1354 1725 exercitum
1395 1661 1626 1747 religio
1670 1661 1888 1746 tollat,
1932 1664 1998 1725 te
2043 1663 2380 1726 auctorem

355 1752 612 1812 senatus
655 1749 944 1813 retineat.
1035 1747 1298 1813 Crassus
1341 1749 1461 1814 tris
1503 1750 1751 1834 legatos
1796 1749 2079 1814 decernit
2110 1770 2230 1813 nec
2266 1771 2381 1813 ex-

356 1837 558 1900 cludit
599 1835 1005 1921 Pompeium,
1064 1841 1278 1901 censet
1324 1837 1495 1900 enim
1540 1836 1735 1902 etiam
1780 1859 1859 1901 ex
1902 1837 2009 1922 iis,
2064 1837 2175 1921 qui
2221 1857 2377 1902 cum

355 1924 627 2009 imperio
673 1925 829 2011 sint3
882 1924 1154 1989 Bibulus
1207 1925 1328 1989 tris
1379 1925 1629 2011 legatos
1681 1945 1761 1990 ex
1811 1925 1919 2009 iis,
1974 1926 2087 2009 qui
2129 1925 2377 2010 privati

355 2017 521 2078 sunt.
623 2011 797 2076 Huic
866 2013 1312 2077 adsentiuntur
1380 2013 1613 2098 reliqui
1686 2014 2045 2078 consulares
2114 2017 2378 2098 praeter
2404 2039 2461 2080 so

357 2099 717 2184 Servilium,
755 2101 869 2184 qui
904 2101 1165 2166 omnino
1201 2101 1422 2166 reduci
1452 2105 1648 2188 negat
1683 2105 1996 2186 oportere,
2041 2105 2107 2165 et
2141 2101 2377 2166 Volca-

355 2189 550 2274 cium,
605 2189 718 2271 qui
757 2188 946 2274 Lupo
998 2189 1314 2254 referente
1355 2188 1667 2274 Pompeio
1712 2190 2020 2275 decernit,
2075 2193 2141 2254 et
2182 2189 2375 2254 Afra-

353 2276 551 2360 nium,
598 2275 711 2360 qui
755 2277 1112 2342 adsentitur
1152 2277 1475 2343 Volcacio.
1566 2277 1741 2354 Quae
1785 2300 1886 2344 res
1932 2281 2124 2366 auget
2167 2278 2374 2362 suspi-

354 2364 602 2428 cionem
653 2363 922 2448 Pompei
965 2366 1341 2450 voluntatis,
1394 2388 1544 2430 nam
1599 2366 2051 2430 advertebatur
2099 2365 2371 2450 Pompei

352 2451 687 2516 familiaris
739 2453 1045 2518 adsentiri
1104 2453 1428 2519 Volcacio.
1513 2452 1877 2519 Laboratur
1934 2454 2369 2542 vehementer3
2395 2473 2451 2518 25

351 2540 658 2604 inclinata
717 2563 822 2605 res
886 2544 999 2606 est.
1092 2541 1366 2606 Libonis
1428 2545 1495 2606 et
1554 2541 1842 2627 Hypsaei
1902 2565 2034 2607 non
2098 2543 2368 2607 obscura

353 2628 751 2694 concursatio
811 2633 875 2693 et
929 2631 1253 2695 contentio
1311 2630 1724 2715 omniumque
1776 2630 2046 2716 Pompei
2099 2631 2367 2694 familia-

351 2717 521 2781 rium
574 2717 858 2782 studium
911 2717 981 2781 in
1035 2739 1174 2782 eam
1228 2718 1598 2802 opinionem
1642 2741 1778 2783 rem
1824 2720 2248 2805 adduxerunt,
2292 2723 2366 2783 ut

348 2803 696 2889 Pompeius
750 2826 979 2889 cupere
1022 2807 1341 2891 videatur3
1397 2807 1499 2870 cui
1546 2808 1658 2891 qui
1700 2807 1957 2892 nolunt,
2011 2808 2182 2871 idem
2225 2806 2362 2892 tibi,

279 2912 315 2958 4
352 2894 525 2976 quod
569 2915 715 2958 eum
761 2894 1028 2978 ornasti,
1073 2915 1205 2958 non
1249 2898 1401 2959 sunt
1446 2895 1662 2981 amici3
1714 2917 1833 2960 nos
1876 2895 1946 2959 in
1992 2916 2179 2960 causa
2221 2916 2359 2958 auc-
2387 2916 2440 2958 ao

349 2982 680 3046 toritatem
738 3002 812 3045 eo
865 2982 1181 3046 minorem
1233 2981 1574 3067 habemus,
1634 2984 1808 3067 quod
1862 2983 1987 3048 tibi
2047 2983 2359 3070 debemuS,

349 3070 626 3154 gratiam
679 3073 894 3132 autem
947 3072 1235 3135 nostram
1296 3069 1649 3157 exstinguit
1690 3071 2027 3135 hominum
2071 3071 2358 3156 suspici0,

352 3157 525 3240 quod
593 3156 902 3241 Pompeio
975 3179 1044 3221 se
1103 3158 1455 3244 gratificari
1523 3163 1770 3244 putant.
1870 3157 1966 3224 Ut
2035 3160 2106 3226 in
2175 3159 2357 3223 rebus

350 3244 556 3307 multo
615 3248 762 3308 ante
773 3295 792 3328 ,
852 3266 1044 3329 quam
1097 3246 1423 3329 profectus
1478 3267 1544 3310 es
1555 3298 1574 3331 ,
1634 3247 1715 3311 ab
1775 3247 1915 3331 ipso
1966 3267 2121 3334 rege
2175 3251 2239 3311 et
2280 3248 2355 3311 ab

353 3331 597 3396 intimis
643 3353 717 3395 ac
761 3332 1125 3397 domesticis
1167 3333 1437 3417 Pompei
1483 3334 1647 3398 clam
1692 3336 2094 3420 exulceratis,
2142 3335 2357 3400 deinde
2382 3354 2431 3397 ³5

348 3419 563 3503 palam
617 3441 656 3482 a
709 3420 1148 3486 consularibus
1204 3422 1544 3508 exagitatis
1599 3427 1664 3487 et
1717 3424 1786 3488 in
1840 3447 2155 3489 summam
2209 3424 2357 3489 invi-
2536 3375 2538 3485 i

353 3506 524 3570 diam
583 3506 870 3572 adductis
928 3509 1021 3573 ita
1075 3531 1421 3575 versamur.
1510 3509 1820 3578 Nostram
1876 3512 2070 3577 fidem
2130 3534 2355 3600 omnes,
