2567 3884
384 170 518 235 492
1123 172 1637 229 EPISTULARUM

383 336 556 398 rum,
614 314 860 379 nullam
918 315 1205 399 inopiam
1263 316 1568 400 stipendii
1622 318 1735 379 aut
1786 315 1881 379 rei
1934 316 2416 399 frumentariae,

382 402 628 467 nullam
684 404 1063 467 seditionem
1109 406 1427 469 exercitus
1471 404 2007 488 pertimescimus,
2062 426 2228 487 quae
2272 426 2414 488 per-

383 512 570 575 saepe
616 491 1103 576 sapientissimis
1149 493 1306 557 viris
1352 492 1735 576 acciderunt,
1784 496 1875 576 ut,
1920 514 2113 576 quem
2150 492 2235 555 ad
2277 514 2417 556 mo-

385 578 538 643 dum
582 579 1046 665 gubernatores
1091 580 1323 663 optimi
1358 581 1492 645 vim
1536 580 1954 665 tempestatis,
2000 580 2093 643 sic
2136 580 2239 643 illi
2282 581 2413 644 for—

382 670 577 731 tunae
631 668 944 752 impetum
997 689 1297 753 superare
1350 690 1481 733 non
1534 672 1811 752 possent.
1902 667 2051 731 Tibi
2108 668 2259 732 data
2315 673 2413 732 est
2466 688 2491 725 5

385 776 634 819 summa
695 778 848 841 pax,
911 777 1162 821 summa
1223 756 1685 841 tranquillitas,
1748 756 1841 819 ita
1896 761 2142 841 tamen,
2206 760 2281 819 ut
2338 779 2413 821 ea

384 843 807 908 dormientem
834 844 1332 929 gubernatorem
1360 845 1462 909 vel
1490 845 1778 929 obruere,
1804 843 2184 930 vigilantem
2212 844 2410 908 etiam

385 931 696 996 delectare
750 932 971 1015 possit
1064 930 1333 997 Constat
1387 933 1558 997 enim
1612 954 1687 997 ea
1738 932 2070 1016 provincia
2123 933 2410 1033 primum

383 1040 463 1082 ex
509 1040 584 1084 eo
639 1040 871 1107 genere
925 1019 1274 1105 sociorum,
1334 1022 1509 1104 quod
1560 1024 1659 1084 est
1712 1042 1791 1085 ex
1843 1020 2185 1086 hominum
2232 1022 2409 1084 omni

381 1128 615 1208 genere
670 1107 1236 1193 humanissimum,
1302 1108 1529 1173 deinde
1583 1130 1663 1172 ex
1721 1130 1797 1173 00
1853 1129 2087 1195 genere
2148 1109 2407 1192 civium,
2434 1130 2487 1167 10

383 1195 494 1277 qui
548 1199 686 1279 aut,
746 1194 920 1280 quod
971 1196 1301 1280 publicani
1354 1200 1536 1281 sunt,
1593 1218 1711 1261 nos
1769 1218 2020 1261 summa
2061 1197 2409 1261 necessitu-

383 1283 530 1346 dine
565 1246 896 1370 attingunt
931 1288 1069 1368 aut,
1113 1285 1290 1368 quod
1332 1285 1425 1348 ita
1459 1285 1890 1371 negotiantur,
1935 1288 2011 1348 ut
2050 1285 2410 1369 locupletes

382 1371 538 1454 sint,
582 1372 789 1436 nostri
833 1372 1201 1437 consulatus
1245 1373 1557 1439 beneficio
1604 1395 1671 1437 se
1715 1373 2067 1438 incolumes
2110 1374 2411 1438 fortunas

380 1458 616 1523 habere
670 1460 1082 1525 arbitrantur
1188 1460 1282 1524 At
1344 1462 1515 1525 enim
1580 1461 1748 1525 inter
1804 1461 1927 1526 hos
1996 1461 2173 1545 ipsos
2246 1463 2410 1530 exsi-

382 1550 561 1610 stunt
604 1569 832 1633 graves
885 1550 1381 1634 controversiae,
1434 1550 1675 1614 multae
1718 1553 2069 1614 nascuntur
2112 1550 2409 1632 iniuriae,
2432 1569 2483 1608 15

380 1656 649 1720 magnae
687 1637 1128 1701 contentiones
1164 1641 1655 1722 consequuntur.
1728 1636 1922 1713 Quasi
1967 1658 2121 1702 vero
2168 1660 2295 1725 ego
2342 1602 2410 1701 id

381 1727 621 1808 putem,
665 1745 796 1787 non
842 1729 907 1788 te
952 1725 1355 1808 aliquantum
1398 1726 1645 1811 negotii
1691 1726 2019 1790 sustinere.
2082 1724 2408 1812 Intellego

379 1832 800 1899 permagnum
846 1833 982 1877 esse
1027 1814 1362 1899 negotium
1399 1818 1463 1877 et
1498 1813 1764 1879 maximi
1810 1813 2083 1898 consilii,
2128 1815 2244 1878 sed
2278 1837 2409 1878 me-

379 1904 597 1965 mento
645 1900 898 1966 consilii
942 1922 1076 1965 me·
1089 1902 1216 1965 hoc
1259 1923 1395 1966 esse
1439 1903 1773 1989 negotium
1816 1902 2024 1987 magis
2070 1902 2409 1986 aliquanto

381 2010 573 2071 quam
627 1990 923 2054 fortunae
976 1992 1220 2073 putare.
1313 1988 1482 2067 Quid
1536 1995 1632 2054 est
1678 1990 1848 2055 enim
1905 1990 2158 2077 negotii
2205 1992 2409 2055 conti-
2435 2011 2483 2049 ρο

379 2098 530 2141 11010
559 2098 685 2161 000,
733 2076 967 2161 quibus
1003 2078 1261 2162 praesis,
1310 2078 1365 2141 si
1399 2083 1467 2142 te
1502 2079 1639 2163 ipse
1665 2078 2037 2143 contineas?
2081 2077 2161 2142 Id
2188 2082 2409 2143 autem

379 2164 466 2226 sit
509 2186 816 2250 magnum
853 2170 917 2230 et
953 2165 1216 2231 difficile
1253 2166 1498 2249 ceteris,
1544 2166 1635 2230 sic
1672 2171 1744 2231 ut
1780 2170 1877 2230 est
1914 2166 2411 2252 difficillimum;

378 2251 502 2315 tibi
561 2256 626 2317 et
683 2253 808 2316 fuit
865 2252 992 2317 hoc
1042 2275 1296 2338 semper
1347 2218 1725 2319 facillimum
1779 2258 1845 2319 et
1898 2275 2051 2318 vero
2108 2277 2249 2319 esse
2305 2256 2413 2319 de—

379 2338 548 2423 buit,
612 2340 792 2404 cuius
855 2345 1086 2405 natura
1147 2342 1297 2405 talis
1350 2346 1473 2427 est,
1537 2346 1609 2407 ut
1663 2342 1858 2407 etiam
1916 2342 2053 2406 sine
2109 2343 2409 2407 doctrina

378 2426 672 2490 videatur
731 2428 1063 2492 moderata
1124 2451 1259 2494 esse
1322 2431 1637 2515 potuisse,
1702 2452 1775 2495 ea
1832 2434 2047 2495 autem
2110 2431 2478 2495 adhibitas

379 2515 670 2579 doctrina
713 2519 836 2599 est,
890 2538 1053 2600 quae
1098 2518 1201 2582 vel
1244 2518 1725 2583 vitiosissimam
1768 2523 2065 2582 naturam
2111 2520 2409 2585 excolere

374 2603 596 2687 possit.
688 2602 788 2667 Tu
850 2625 996 2668 cum
1056 2606 1387 2691 pecuniae,
1457 2628 1602 2671 cum
1656 2606 2001 2691 voluptati,
2066 2627 2215 2671 cum
2274 2630 2409 2673 om-

376 2692 557 2756 nium
616 2714 831 2757 rerum
891 2693 1229 2777 cupiditati
1285 2695 1567 2779 resistes,
1621 2698 1696 2758 ut
1749 2695 1931 2779 facis,
1986 2695 2137 2778 erit,
2194 2697 2409 2780 credo,

375 2780 749 2864 periculum,
794 2801 875 2844 ne
920 2781 1290 2882 improbum
1333 2783 1832 2869 negotiatorem,
1876 2746 2071 2866 p'aulo
2117 2784 2409 2867 cupidio-

376 2890 514 2933 rem
557 2869 974 2952 publicanum
1020 2871 1439 2953 comprimere
1484 2892 1614 2935 non
1658 2871 1890 2955 possis!
1950 2870 2124 2935 Nam
2174 2870 2407 2937 Graeci
2432 2892 2479 2930 so

377 2956 636 3040 quidem
691 2957 783 3021 sic
826 2961 890 3021 te
939 2958 1030 3022 ita
1074 2958 1397 3022 viventem
1451 2958 1902 3043 intuebuntur,
1962 2964 2036 3023 ut
2081 2962 2407 3042 quendam

377 3066 456 3108 ex
502 3045 827 3109 annalium
871 3046 1182 3109 memoria
1227 3050 1338 3109 aut
1382 3047 1577 3111 etiam
1615 3047 1691 3111 de
1730 3047 1904 3111 caelo
1952 3047 2245 3111 divinum
2292 3049 2407 3113 ho-

375 3133 616 3197 minem
674 3150 810 3199 esse
869 3133 938 3197 in
995 3134 1393 3218 provinciam
1453 3135 1781 3218 delapsum
1836 3138 2083 3219 putent.
2182 3134 2405 3220 Atque

375 3221 533 3285 haec
576 3242 772 3305 nunc,
827 3243 958 3285 11011
1003 3227 1077 3287 ut
1121 3224 1344 3308 faciae,
1399 3224 1510 3287 sed
1557 3228 1631 3287 ut
1684 3228 1749 3287 te
1812 3223 2020 3289 facere
2065 3226 2130 3287 et
2176 3225 2405 3289 fecisse

374 3309 672 3393 gaudeaS,
717 3309 957 3394 scrib03
1002 3310 1400 3394 praeclarum
1437 3315 1533 3376 est
1578 3311 1748 3377 enim
1794 3333 2045 3375 summo
2092 3333 2241 3375 cum
2288 3314 2401 3377 im-
2426 3328 2473 3367 ³⁵

372 3397 554 3479 perio
582 3397 826 3461 fuisse‘
807 3420 876 3461 111
903 3397 1060 3463 Asia
1093 3399 1445 3465 triennium
1482 3400 1589 3486 sic,
1634 3404 1709 3463 ut
1734 3399 1985 3465 nullum
2020 3402 2085 3464 te
2123 3400 2401 3501 signum,

372 3484 552 3547 nulla
594 3484 864 3571 pictura,
909 3486 1160 3551 nullum
1205 3510 1335 3575 vas,
1379 3488 1557 3553 nulla
1600 3488 1821 3574 vestis,
1866 3488 2118 3553 nullum
2163 3490 2399 3553 manci-
