2567 3884
321 131 450 196 130
1067 131 1584 186 EPISTULARUM

320 278 385 339 et
445 273 654 338 dolori
713 274 972 338 fortiter
1029 296 1102 338 ac
1159 274 1457 339 fortunae
1516 274 1843 339 resisteres
1902 274 2347 360 cogitaresque

320 367 384 427 et
430 362 499 426 in
541 365 766 426 nostra
810 363 1069 426 civitate
1115 366 1182 426 et
1224 363 1293 426 in
1340 363 1585 447 ceteris,
1632 384 1795 447 quae
1840 384 2056 427 rerum
2101 364 2347 447 potitae

319 454 487 535 sunt,
532 451 755 515 multis
800 450 1172 515 fortissimis
1217 454 1411 535 atque
1457 452 1723 535 optimis
1756 450 1915 515 viris
1959 451 2216 515 iniustis
2253 452 2349 514 iu-

320 539 503 603 diciis
547 539 710 603 tales
756 560 935 603 casus
980 539 1296 603 incidisse.
1385 537 1559 603 Illud
1601 540 1851 603 utinam
1893 561 1975 603 ne
2011 561 2160 604 vere
2196 539 2349 603 scri-

318 628 555 711 berem,
600 649 676 691 ea
718 630 785 691 te
829 649 899 691 re
943 651 1003 712 p.
1044 648 1274 712 carere,
1318 627 1387 690 in
1434 650 1561 711 qua
1604 628 1928 692 neminem
1962 628 2347 712 prudentem
2400 650 2429 691 5

318 716 648 779 hominem
693 737 794 779 res
841 715 974 779 ulla
1019 716 1315 779 delectet!

452 804 550 867 De
594 808 710 867 tuo
756 807 969 867 autem
1006 804 1162 887 filio,
1207 806 1449 887 vereor,
1493 824 1591 887 ne,
1639 802 1695 866 si
1728 802 1897 866 nihil
1931 803 2013 866 ad
2047 806 2114 867 te
2150 803 2347 888 scrip·

319 892 512 956 serim
525 943 544 976 ,
604 891 894 955 debitum
953 892 1089 955 eius
1148 890 1377 955 virtuti
1434 890 1656 955 videar
1710 891 2154 955 testimonium
2212 913 2348 956 non

321 980 593 1064 dedisse,
641 979 741 1043 sin
787 983 1001 1043 autem
1048 980 1289 1064 omnia,
1350 1000 1512 1063 quae
1556 979 1764 1043 sentio
1772 1030 1793 1063 ,
1845 980 2345 1064 perscripserim,

318 1090 400 1132 ne
444 1068 740 1132 refricem
783 1067 943 1130 meis
986 1066 1223 1131 litteris
1270 1067 1655 1131 desiderium
1700 1088 1773 1131 ac
1810 1067 2098 1131 dolorem
2140 1071 2345 1132 tuum.
2372 1092 2427 1130 10

321 1154 449 1219 Sed
490 1159 708 1219 tamen
752 1155 1247 1238 prudentissime
1291 1155 1502 1240 facies,
1548 1155 1605 1219 si
1640 1155 1815 1219 1111118
1849 1156 2175 1240 pietatem,
2220 1156 2347 1220 vir-

319 1247 552 1327 tutem,
598 1243 1005 1328 industriam,
1052 1243 1441 1327 ubicumque
1486 1244 1637 1328 eris,
1690 1248 1871 1307 tuam
1916 1266 2077 1329 esse,
2130 1247 2346 1308 tecum

321 1354 456 1396 esse
503 1295 718 1416 d'uces3
771 1353 890 1395 nec
933 1332 1104 1395 enim
1149 1333 1365 1396 minus
1409 1335 1631 1395 nostra
1684 1335 1859 1416 sunt,
1919 1354 2083 1416 quae
2128 1333 2345 1397 31111110

323 1382 832 1503 complectimur,
889 1441 1082 1521 (1113111
1127 1442 1290 1504 quae
1336 1420 1536 1485 oculis
1581 1420 1922 1485 intuemur.
2006 1419 2213 1496 Quam
2260 1420 2347 1485 ob

321 1529 457 1571 rem
517 1512 582 1571 et
643 1508 819 1571 illius
877 1508 1114 1571 eximia
1172 1509 1378 1573 virtus
1440 1530 1853 1635 summusque
1910 1508 1980 1572 in
2039 1512 2103 1573 te
2164 1530 2347 1573 amor
2375 1528 2426 1569 15

320 1618 590 1682 magnae
635 1596 760 1659 tibi
814 1596 1236 1660 consolationi
1293 1596 1481 1661 debet
1500 1616 1673 1661 esse
1730 1601 1795 1660 et
1838 1618 1958 1661 nos
2004 1597 2345 1683 ceterique,

323 1684 434 1767 qui
487 1688 553 1747 te
605 1705 740 1748 non
785 1706 863 1747 ex
918 1685 1204 1769 fortuna,
1263 1685 1375 1749 sed
1429 1706 1509 1748 ex
1564 1686 1807 1749 virtute
1850 1688 1964 1749 tua
2006 1685 2345 1769 pendimus

320 1794 697 1856 semperque
748 1772 1126 1857 pendemus,
1185 1776 1251 1837 et
1304 1772 1583 1837 maxime
1638 1773 1837 1837 animi
1881 1772 1979 1837 tui
2025 1774 2346 1837 conscien-

321 1861 440 1944 tia,
501 1882 647 1924 cum
693 1860 817 1924 tibi
860 1860 1026 1924 nihil
1069 1861 1304 1925 merito
1348 1861 1652 1925 accidisse
1697 1860 2027 1946 reputabis
2072 1865 2138 1925 et
2182 1862 2347 1925 illud

322 1949 654 2035 adiunges,
709 1949 1002 2013 homines
1057 1948 1363 2033 sapientis
1416 1949 1843 2034 turpitudine,
1896 1971 2029 2013 non
2076 1971 2225 2013 casu
2280 1954 2346 2015 et
2374 1970 2427 2009 20

323 2038 556 2101 delicto
601 2058 746 2121 su0,
802 2058 938 2100 non
990 2037 1264 2101 aliorum
1309 2038 1549 2101 iniuria
1592 2037 1996 2103 commoveri.
2087 2036 2233 2124 Ego
2281 2042 2346 2103 et

319 2126 632 2189 memoria
701 2128 959 2189 nostrae
1021 2126 1256 2189 veteris
1329 2126 1648 2189 amicitiae
1712 2130 1776 2189 et
1837 2126 2080 2190 virtute
2151 2130 2345 2210 atque

323 2213 730 2278 observantia
790 2214 912 2276 filii
966 2214 1064 2278 tui
1127 2214 1413 2278 monitus
1474 2215 1655 2278 nullo
1721 2215 1865 2278 loco
1927 2214 2077 2279 dero
2135 2236 2346 2299 neque

322 2302 404 2364 ad
461 2301 910 2365 consolandam
967 2323 1174 2385 neque
1232 2303 1314 2367 ad
1369 2302 1707 2366 levandam
1763 2303 2091 2367 fortunam
2146 2306 2345 2367 tuam.

321 2388 420 2453 Tu
475 2390 530 2452 si
586 2389 742 2473 quid
795 2390 876 2452 ad
928 2412 1031 2453 me
1086 2392 1256 2454 forte
1311 2391 1669 2475 scripseris,
1729 2391 2090 2477 perficiam,
2150 2413 2233 2456 ne
2279 2396 2347 2457 te
2375 2408 2428 2450 25

320 2479 560 2542 frustra
605 2478 932 2562 scripsisse
978 2478 1306 2542 arbitrere.

1209 2704 1450 2770 XVIII.

427 2829 540 2884 Ser.
571 2828 796 2894 Rome,
831 2834 896 2881 ut
929 2828 1165 2894 videtwr,
1194 2833 1323 2895 post
1356 2828 1491 2881 med.
1531 2844 1600 2881 m.
1639 2826 1817 2905 Mem.
1862 2844 1915 2882 a.
1956 2830 2068 2882 702
2098 2830 2236 2897 (52).

857 2948 933 3004 M.
974 2948 1228 3003 CICERO
1269 2950 1322 3003 S.
1358 2949 1425 3004 D.
1465 2948 1526 3004 T.
1564 2948 1802 3003 FADIO.

453 3093 597 3158 Etsi
652 3096 932 3179 egomet,
991 3093 1101 3177 qui
1156 3097 1222 3157 te
1277 3092 1594 3157 consolari
1651 3093 1867 3178 cupio,
1924 3095 2348 3160 consolandus
2374 3116 2428 3155 ao

321 3183 457 3333 333?
502 3181 1736 3355 ⁵32⁰m112‘213ffiffizd33‘ssufflffl}
1761 3181 2033 3333 &3¹¹⁸
2068 3183 2198 3337 {³¹3
2237 3184 2349 3337 ἓξὲξ

320 3379 453 3420 non
491 3292 724 3421 (Iliortor
769 3358 1003 3441 solum,
1060 3358 1171 3420 sed
1227 3358 1424 3421 etiam
1477 3379 1597 3441 pro
1652 3380 1869 3422 amore
1913 3292 2137 3424 1180881110
2184 3295 2347 3447 {ogo

323 3448 515 3527 atque
562 3467 694 3531 oro,
739 3449 803 3509 te
851 3447 1116 3531 colligas
1160 3445 1499 3529 virumque
1544 3446 1851 3530 praebeas
1896 3450 1979 3531 et,
2029 3469 2158 3531 qua
2203 3470 2349 3513 con-
