2567 3884
311 202 442 266 278
1087 201 1600 256 EPISTULARUM

306 347 458 410 dum
503 368 606 410 me
651 345 1018 430 probarem,
1076 368 1269 429 quam
1315 350 1557 429 tutum,
1617 345 1791 428 quod
1834 345 2073 409 habere
2115 349 2337 430 posset

233 453 266 500 2
307 434 856 498 obtrectationem.
947 431 1173 519 Itaque
1217 437 1367 518 post
1405 434 1753 497 discessum
1788 433 2152 519 legatorum
2189 454 2335 498 cum

304 523 475 586 binis
521 522 844 587 continuis
888 521 1126 586 litteris
1172 526 1236 586 et
1279 521 1561 606 Lepidus
1606 543 1727 605 me,
1774 525 1846 585 ut
1885 521 2189 606 venirem,
2235 542 2336 585 ro-

302 615 512 696 garet,
568 613 632 675 et
685 611 1049 674 Laterensis
1103 611 1311 673 multo
1368 611 1561 673 etiam
1606 609 1814 695 magis
1858 630 2059 694 prope
2105 610 2333 694 implo-

304 721 452 762 rans
511 700 943 763 obtestaretur
1000 719 1131 762 non
1194 698 1395 761 ullam
1457 719 1594 762 rem
1656 697 1851 761 aliam
1912 697 2331 763 extimescens
2387 717 2411 756 5

303 809 498 871 quam
543 787 826 871 eandem,
872 808 1034 870 quae
1079 786 1242 850 mihi
1279 807 1535 870 quoque
1579 786 1735 850 facit
1770 785 2089 870 timorem,
2133 787 2333 851 varie-

302 880 503 939 tatem
549 879 741 959 atque
786 874 1234 939 infidelitatem
1279 874 1596 939 exercitus
1642 875 1804 958 eius,
1858 895 1990 938 non
2037 874 2332 938 dubitan-

303 964 456 1028 dum
491 964 733 1048 putavi,
780 963 938 1047 quin
965 983 1401 1027 succurrerem
1426 984 1656 1046 meque
1684 963 2010 1028 communi
2044 963 2330 1046 periculo

306 1053 618 1116 offerrem.
694 1050 989 1115 Sciebam
1035 1051 1226 1135 enim,
1273 1052 1397 1114 etsi
1442 1051 1689 1114 cautius
1735 1050 1899 1114 illud
1944 1054 2081 1114 erat
2128 1052 2331 1115 consi-

300 1141 463 1204 1111111
523 1142 856 1224 expectare
914 1160 1017 1203 me
1073 1139 1154 1202 ad
1204 1136 1473 1223 Isaram,
1535 1139 1688 1202 dum
1732 1137 1974 1202 Brutus
2031 1139 2329 1203 traiceret
2358 1159 2409 1197 ιο

303 1228 679 1311 exercitum,
737 1230 801 1290 et
847 1248 993 1290 cum
1040 1228 1286 1313 collega
1332 1227 1795 1310 consentiente,
1854 1227 2140 1291 exercitu
2187 1249 2331 1291 con-

305 1315 484 1380 cordi
529 1336 603 1379 80
646 1315 809 1378 bene
857 1315 933 1378 de
970 1336 1039 1379 re
1084 1338 1143 1398 p.
1183 1315 1523 1399 sentiente,
1570 1315 1736 1378 sicut
1780 1314 2021 1379 milites
2066 1315 2329 1401 faciunt,

301 1403 600 1467 hostibus
637 1403 894 1467 obviam
940 1403 1052 1488 ire,
1097 1407 1331 1488 tamen,
1378 1404 1433 1467 si
1478 1403 1636 1487 quid
1668 1401 1950 1486 Lepidus
1986 1403 2149 1467 bene
2194 1426 2332 1468 sen-

301 1492 469 1555 tiens
516 1491 885 1555 detrimenti
930 1491 1216 1577 cepisset,
1261 1492 1388 1556 hoc
1424 1513 1611 1555 omne
1648 1491 2053 1577 adsignatum
2100 1492 2183 1555 iri
2220 1495 2331 1556 aut

301 1579 690 1662 pertinaciae
735 1601 913 1643 meae
959 1583 1071 1643 aut
1113 1579 1339 1644 timori
1382 1580 1697 1664 videbam,
1742 1579 1797 1643 si
1844 1582 1956 1643 aut
1999 1580 2330 1645 hominem
2357 1598 2407 1638 15

304 1667 618 1731 offensum
661 1667 843 1752 mihi,
889 1668 1301 1732 coniunctum
1346 1689 1492 1732 cum
1527 1689 1597 1732 re
1633 1691 1693 1751 p.
1729 1689 1861 1732 non
1897 1668 2330 1733 sublevassem

304 1759 415 1818 aut
472 1757 610 1839 ipse
665 1779 703 1820 a
758 1757 1103 1820 certamine
1161 1755 1318 1820 belli
1377 1759 1511 1820 tam
1569 1756 1911 1820 necessarii
1966 1777 2071 1820 me
2124 1778 2330 1820 remo-

232 1862 264 1909 3
301 1844 552 1908 vissein.
642 1841 870 1928 Itaque
912 1844 1130 1929 potius
1164 1844 1518 1929 periclitari
1552 1844 1748 1929 volui,
1796 1845 1851 1907 si
1894 1865 2151 1928 possem
2187 1866 2329 1909 mea

300 1932 661 2016 praesentia
716 1935 780 1996 et
831 1930 1151 2016 Lepidum
1203 1933 1374 1996 tueri
1428 1935 1493 1996 et
1551 1895 1903 1996 exercitum
1947 1933 2155 1997 facere
2201 1955 2329 1996 me-

299 2021 530 2085 liorem
576 2042 770 2104 quam
823 2021 1017 2084 11111118
1071 2025 1295 2084 08111118
1339 2020 1560 2085 videri.
1652 2020 2110 2085 sollicitiorem
2156 2024 2327 2084 certe
2356 2041 2405 2079 20

299 2109 630 2172 hominem
700 2131 832 2173 non
903 2109 1036 2173 suis
1099 2109 1444 2172 contractis
1503 2108 1827 2172 neminem
1887 2111 2048 2192 puto
2111 2109 2325 2173 fuisse.

300 2195 497 2282 Nam,
544 2219 706 2281 quae
750 2218 853 2261 res
897 2198 1143 2261 nullam
1185 2196 1470 2261 1181181181
1517 2197 2004 2282 dubitationem,
2050 2197 2107 2259 si
2153 2218 2327 2260 exer-

303 2284 468 2348 citus
511 2284 739 2368 Lepidi
786 2285 972 2371 absit,
1018 2306 1093 2348 ea
1136 2307 1308 2349 nunc
1351 2307 1653 2371 magnam
1698 2285 1906 2349 adfert
1951 2284 2327 2349 sollicitudi—

300 2393 449 2435 nem
503 2394 937 2458 magnumque
989 2373 1187 2436 habet
1241 2395 1474 2438 casum.
1563 2371 1732 2436 Mihi
1786 2373 1958 2437 enim
2013 2373 2070 2435 81
2125 2373 2327 2436 001111-

299 2460 526 2546 gisset,
581 2464 655 2524 ut
706 2461 888 2544 prior
931 2482 1329 2526 occurrerem
1374 2460 1694 2544 Antonio,
1752 2483 1885 2525 non
1928 2460 2324 2525 mehercules
2352 2475 2403 2514 2⁵

298 2548 528 2612 horam
572 2549 995 2635 constitisset3
1039 2552 1295 2614 tantum
1340 2571 1461 2635 ego
1508 2553 1571 2613 et
1615 2548 1780 2613 mihi
1826 2548 2077 2613 confido
2124 2553 2189 2612 et
2235 2549 2327 2612 sic

297 2637 621 2721 perculsas
673 2636 849 2701 illius
905 2637 1119 2722 copias
1162 2636 1557 2720 Ventidique
1609 2637 1915 2702 mulionis
1970 2640 2178 2700 castra
2224 2638 2327 2701 de-

297 2724 525 2810 811101ος
571 2725 683 2788 sed
717 2747 848 2790 non
892 2747 1154 2808 possum
1190 2747 1322 2789 non
1358 2725 1823 2811 exhorrescere,
1868 2725 1925 2788 si
1962 2725 2120 2808 quid
2153 2725 2326 2788 intra

297 2817 509 2877 cutem
545 2813 765 2878 subest
800 2814 1101 2898 vulneriS,
1149 2813 1322 2897 quod
1355 2814 1535 2896 prius
1570 2835 1801 2878 nocere
1844 2815 2084 2897 potest,
2131 2835 2325 2897 quam

297 2901 447 2964 sciri
501 2902 836 2985 curarique
889 2901 1111 2985 possit.
1211 2899 1338 2964 Sed
1392 2905 1593 2986 certe,
1651 2901 1779 2966 nisi
1832 2922 1963 2964 uno
2017 2901 2161 2966 loco
2215 2923 2319 2966 me
2347 2918 2398 2957 ⁸⁰

295 2992 604 3074 tenerem,
664 3011 973 3075 magnum
1029 2989 1387 3074 periculum
1446 2989 1583 3073 ipse
1640 2987 1955 3074 LepiduS,
2013 3012 2322 3076 magnum

296 3098 370 3140 ea
427 3099 576 3160 pars
637 3078 954 3141 exercitus
1013 3077 1245 3162 adiret,
1307 3099 1469 3161 quae
1528 3077 1690 3141 bene
1748 3077 1823 3141 de
1878 3099 1947 3141 re
2001 3101 2062 3161 p.
2110 3078 2322 3142 sentit.

293 3163 598 3266 Magnam
625 3165 821 3229 etiam
855 3165 1094 3250 perditi
1126 3165 1346 3229 1108188
1383 3165 1809 3231 accessionem
1846 3165 1972 3229 sibi
2008 3165 2324 3250 fecissent,

294 3253 350 3316 81
397 3275 554 3336 (11188
601 3253 817 3337 copias
863 3275 901 3316 a
943 3252 1190 3338 Lepido
1235 3253 1714 3319 abstraxissent.
1790 3251 1965 3329 Quae
2004 3253 2059 3317 si
2094 3253 2325 3318 adven-

291 3344 398 3404 tus
451 3362 632 3404 meus
687 3342 1086 3426 represserit,
1147 3363 1335 3427 agam
1388 3342 1631 3427 gratias
1689 3341 1986 3405 fortunae
2034 3345 2324 3406 constan·
2352 3358 2401 3399 8⁵

291 3429 546 3511 tiaeque
591 3450 786 3512 meae,
834 3451 996 3512 quae
1032 3451 1135 3492 me
1173 3429 1255 3493 ad
1288 3429 1455 3494 hanc
1500 3429 1963 3514 experientiam
2001 3431 2323 3495 excitavit.

220 3530 254 3576 4
289 3512 516 3598 Itaque
562 3537 615 3579 a.
657 3516 713 3580 d.
760 3534 857 3580 xv
904 3516 980 3581 K.
1017 3515 1159 3581 Iun.
1205 3517 1286 3581 ab
1333 3515 1511 3581 Isara
1557 3521 1764 3582 castra
1808 3518 2010 3604 movi3
2056 3521 2325 3602 pontem
