2567 3884
890 172 1108 225 LIBER
1142 135 1275 226 XIII
1314 178 1541 227 68—70.
2076 175 2206 238 417

1069 382 1298 449 Lxlx.
1349 350 1356 367 ’

600 504 713 560 Ser.
754 504 989 571 Romae,
1023 510 1088 558 ut
1120 505 1355 572 videtum,
1391 522 1443 559 a.
1485 508 1598 561 708
1636 508 1775 574 (46).

510 625 768 680 CICERO
816 626 877 681 P.
917 624 1249 680 SERVILIO
1290 624 1667 681 COLLEGAE
1706 627 1759 683 S.
1797 626 1843 682 P

310 748 379 815 C.
418 750 680 815 Curtius
714 749 989 815 Mithres
1026 755 1122 815 est
1157 750 1268 815 ille
1307 751 1585 837 quidem,
1630 756 1703 816 ut
1749 753 1890 837 sciS,
1934 752 2206 817 libertus

116 856 147 898 5
173 837 495 923 Postumi,
542 837 1029 903 familiarissimi
1073 839 1228 923 mei,
1283 840 1398 903 sed
1449 862 1554 904 me
1600 840 1756 904 colit
1801 844 1865 904 et
1911 845 2208 924 opservat

175 948 377 1011 aeque
415 931 607 1009 atque
652 926 839 989 illum
886 927 1099 1010 ipsum
1142 931 1490 1010 patronum
1537 950 1739 992 suum.
1831 926 2028 1012 Apud
2061 950 2208 993 eum

176 1036 299 1100 ego
336 1014 429 1079 sic
463 1014 708 1099 Ephesi
743 1014 875 1097 fui,
904 1014 1479 1098 quotienscumque
1507 1016 1620 1100 fui,
1666 1020 1995 1099 tamquam
2033 1016 2208 1080 domi

176 1123 372 1187 meae,
417 1102 746 1185 multaque
784 1101 1167 1186 acciderunt,
1214 1104 1283 1165 in
1322 1104 1556 1187 quibus
1595 1106 1660 1166 et
1695 1104 2209 1168 benevolentiam

178 1190 315 1253 eius
360 1212 514 1276 erga
557 1211 661 1253 me
708 1190 1033 1273 experirer
1079 1193 1143 1253 et
1187 1191 1398 1254 fidem.
1489 1190 1747 1276 Itaque,
1794 1191 1850 1255 si
1895 1192 2055 1276 quid
2097 1196 2209 1257 aut

88 1298 147 1337 ιο
176 1277 340 1341 mihi
385 1281 498 1341 aut
541 1298 833 1341 meorum
880 1277 1159 1361 cuipiam
1204 1279 1274 1342 in
1320 1278 1477 1342 Asia
1524 1300 1685 1363 opus
1729 1283 1853 1363 est,
1912 1279 1994 1343 ad
2036 1281 2210 1344 hunc

177 1366 455 1439 scribere
502 1365 829 1449 consuevi,
874 1365 1068 1429 huius
1114 1386 1259 1430 cum
1307 1388 1503 1451 opera
1546 1370 1612 1431 et
1657 1367 1784 1431 fide
1828 1371 1970 1431 tum
2017 1367 2208 1432 domo

178 1457 242 1518 et
289 1476 358 1518 re
404 1454 503 1517 uti
547 1456 885 1536 tamquam'
924 1474 1081 1517 mea.

308 1540 488 1605 Haec
533 1541 614 1604 ad
658 1545 723 1605 te
769 1562 845 1605 eo
890 1541 1187 1624 pluribus
1234 1541 1487 1626 scripsi,
1535 1545 1608 1606 ut
1651 1542 2061 1628 intellegeres
2106 1565 2209 1607 me

177 1650 309 1693 non
354 1630 402 1712 †
444 1630 710 1715 vulgare
764 1650 882 1693 nec
936 1628 1305 1713 ambitiose,
1359 1629 1474 1693 sed
1517 1633 1591 1693 ut
1643 1650 1763 1713 pro
1807 1630 2072 1694 homine
2117 1632 2210 1694 in-

92 1736 148 1776 15
176 1717 340 1781 timo
387 1738 461 1781 ac
503 1716 668 1781 mihi
709 1717 1182 1800 pernecessario
1230 1717 1524 1782 scribere.
1587 1716 1750 1780 Peto
1795 1718 2000 1803 igitur
2043 1740 2082 1782 a
2124 1722 2209 1803 te,

176 1809 253 1869 ut
296 1806 367 1869 in
412 1826 487 1869 ea
530 1806 983 1888 controversia,
1029 1826 1224 1888 quam
1266 1804 1466 1869 habet
1512 1805 1589 1868 de
1633 1805 1834 1869 fundo
1872 1826 2018 1869 cum
2054 1827 2209 1890 quo-

179 1895 326 1958 dam
376 1891 812 1977 Colophonio,
872 1896 936 1956 et
990 1893 1059 1956 in
1116 1892 1344 1956 ceteris
1399 1892 1621 1977 rebuS,
1681 1896 1994 1976 quantum
2051 1894 2210 1957 fides

177 1986 291 2046 tua
341 1982 653 2065 patietur,
708 1984 1148 2064 quantumque
1200 1984 1316 2044 tuo
1364 1980 1702 2045 commodo
1744 1981 1990 2064 poteris
1997 2032 2015 2065 ,
2074 1984 2212 2044 tan-

175 2074 318 2133 tum
384 2070 444 2134 ei
506 2069 775 2133 honoris
834 2068 963 2132 mei
1023 2088 1212 2132 causa
1270 2067 1664 2153 commodes;
1727 2068 1879 2151 etsi,
1941 2071 2017 2132 ut
2074 2069 2211 2133 eius

93 2176 150 2214 20
177 2157 562 2222 modestiam
608 2157 902 2242 cognovi,
947 2157 1165 2241 gravis
1208 2156 1336 2220 tibi
1381 2156 1560 2219 nulla
1603 2156 1673 2219 in
1717 2178 1786 2219 re
1823 2155 1962 2219 erit.
2037 2154 2108 2221 Si
2146 2161 2209 2221 et

179 2267 323 2309 mea
382 2244 937 2309 commendatione
996 2247 1061 2307 et
1120 2265 1235 2307 sua
1291 2244 1618 2329 probitate
1678 2244 2014 2312 adsecutus
2069 2245 2209 2330 erit,

179 2337 254 2395 ut
301 2332 379 2396 de
424 2354 490 2396 se
534 2333 697 2397 bene
744 2332 1071 2396 existimes
1083 2383 1100 2416 ,
1149 2333 1366 2395 omnia
1411 2354 1477 2395 se
1523 2333 1826 2415 adeptum
1871 2332 2211 2397 arbitrabi-

178 2425 305 2484 tur.
368 2419 463 2485 Ut
498 2421 703 2506 igitur
738 2442 885 2484 eum
930 2419 1201 2503 recipias
1236 2420 1307 2484 in
1343 2419 1537 2484 fidem
1581 2420 1946 2503 habeasque
1991 2422 2060 2485 in
2095 2443 2211 2485 nu-

179 2528 360 2571 mero
405 2511 697 2592 tuorum,
742 2511 808 2571 te
852 2508 1265 2572 vehementer
1309 2508 1506 2571 etiam
1551 2511 1744 2592 atque
1790 2508 1984 2572 etiam
2030 2530 2208 2594 rogO.

94 2613 152 2654 25
181 2595 345 2681 Ego,
391 2616 553 2679 quae
598 2600 663 2659 te
699 2595 863 2660 velle
910 2616 1198 2679 quaeque
1235 2594 1318 2659 ad
1357 2600 1422 2659 te
1466 2596 1790 2679 pertinere
1825 2596 2209 2680 arbitrabor,

181 2683 399 2747 omnia
442 2682 725 2747 studiose
772 2683 1241 2768 diligenterque
1289 2683 1544 2747 curab0.

1099 2910 1294 2975 LXX.

606 3030 721 3087 Ser.
760 3029 993 3098 Romae,
1028 3037 1095 3086 ut
1127 3032 1362 3098 videtur,
1397 3048 1449 3086 a.
1489 3034 1602 3085 708
1643 3033 1780 3099 (46).

462 3152 538 3208 M.
578 3152 834 3207 CICERO
877 3153 937 3209 P.
977 3151 1310 3207 SERVILIO
1349 3150 1726 3207 COLLEGAE
1765 3151 1818 3206 S.
1860 3149 1922 3207 P.

88 3318 147 3358 30
311 3296 477 3373 Quia
521 3319 652 3361 non
698 3299 797 3363 est
842 3317 1113 3380 opscura
1164 3299 1277 3359 tua
1323 3296 1392 3359 in
1438 3316 1542 3359 me
1585 3294 2060 3379 benevolentia,
2115 3295 2209 3359 sic

173 3387 279 3470 fit,
324 3388 399 3449 ut
442 3385 633 3449 multi
677 3406 795 3469 per
837 3406 940 3447 me
998 3384 1123 3447 tibi
1166 3384 1373 3447 velint
1419 3382 1878 3468 commendari3
1934 3404 2053 3469 ego
2101 3405 2208 3448 au-

173 3478 309 3538 tem
362 3473 582 3537 tribuo
637 3494 769 3538 non
822 3494 1175 3557 numquam
1229 3472 1300 3535 in
1354 3472 1614 3558 vulgus,
1673 3471 1785 3536 sed
1828 3471 2206 3557 plerumque

286 3585 520 3627 Ciceronis
550 3588 682 3636 epi-t.
722 3586 760 3628 Ι.
1707 3580 1792 3651 27,
