2567 3884
794 148 1012 202 LIBER
1048 150 1125 203 ιν
1166 155 1213 217 1,
1254 156 1303 203 2.
1980 152 2055 216 81

32 290 582 377 doctissimorum,
638 313 801 375 quos
848 314 1099 378 semper
1145 291 1429 377 coluisti,
1475 299 1816 393 praecepta
1859 299 1926 359 te
1971 294 2067 359 fu-

30 380 237 466 giunt.
330 378 548 463 Atque
603 379 741 464 ipse
797 385 984 445 antea
1038 381 1120 445 ad
1161 385 1227 444 te
1274 380 1672 464 scripsissem
1717 387 1791 447 te
1827 383 2067 447 frustra

32 469 101 532 in
147 472 443 532 senatum
497 467 633 532 sive
690 468 910 552 potius
968 469 1037 533 in
1083 471 1471 533 conventum
1517 474 1886 536 senatorum
1932 493 2067 536 esse

32 553 404 641 venturum,
466 556 538 619 ni
592 557 837 620 veritus
893 578 1128 642 essem,
1190 578 1271 621 ne
1332 557 1469 621 eius
1529 559 1817 622 animum
1873 559 2067 623 offen

0 644 268 728 derem,
315 644 429 727 qui
464 666 503 707 a
537 666 659 729 me,
705 647 779 709 ut
814 647 880 709 te
917 645 1223 729 imitarer,
1268 645 1546 746 petebat.
1641 644 1763 710 Cui
1809 647 2067 731 quidem

34 754 154 818 ego
168 782 187 816 ,
244 753 390 795 cum
442 753 547 796 me
601 735 886 819 rogaret,
941 737 1014 797 ut
1071 734 1358 797 adessem
1413 733 1482 797 in
1536 738 1787 818 senatu,
1849 734 2067 799 eadem

35 820 276 903 omnia,
334 842 495 904 quae
543 842 581 883 a
623 825 690 885 te
737 821 813 884 de
858 843 1013 905 pace
1060 826 1126 886 et
1172 821 1248 885 de
1293 821 1627 905 Hispaniis
1685 824 1855 886 dicta
1901 831 2067 907 sunt

34 909 287 973 ostendi
345 930 449 972 me
522 929 658 974 esse
718 909 1057 973 dicturum.
1147 907 1278 973 Res
1331 909 1510 974 vides
1569 932 1696 994 quo
1751 911 1945 975 modo
2001 932 2067 975 se
2107 931 2135 975 τι

32 997 288 1081 habeat,
318 995 541 1061 orbem
568 998 933 1061 terrarum
915 997 1203 1082 imperiis
1233 997 1599 1062 distributis
1628 999 1850 1063 ardere
1877 997 2067 1083 bello

0 1106 7 1139 ι
35 1084 265 1149 urbem
291 1084 428 1148 sine
455 1084 727 1170 legibus,
756 1085 893 1149 sine
922 1085 1194 1170 iudiciis,
1223 1085 1361 1150 sine
1389 1086 1545 1171 iure,
1570 1086 1708 1151 sine
1735 1088 1862 1151 fide
1889 1051 2071 1151 relic-i

33 1177 170 1237 tam
200 1172 548 1256 direptioni
568 1177 632 1237 et
651 1173 979 1237 incendiis.
1024 1171 1252 1257 Itaque
1278 1174 1444 1238 mihi
1462 1175 1681 1239 v-enire
1701 1175 1769 1239 in
1788 1178 2069 1240 mentem

34 1261 202 1325 nihil
237 1263 469 1346 potest,
514 1282 646 1324 non
681 1262 875 1326 modo
914 1262 1087 1345 quod
1123 1283 1392 1346 sperem,
1438 1263 1551 1326 sed
1583 1263 1696 1327 vix
1731 1264 1861 1327 iam
1898 1263 2071 1348 quod

36 1350 306 1414 audeam
343 1352 581 1433 optare.
674 1348 790 1413 Sin
826 1353 1041 1415 autem
1077 1350 1220 1434 tibi,
1263 1350 1517 1414 homini
1551 1351 2071 1435 prudentissimo

36 1437 296 1502 videtur
351 1437 512 1501 utile
576 1458 712 1502 esse
775 1460 895 1502 nos
958 1437 1292 1521 conloqui,
1358 1460 1747 1540 quamquam
1811 1439 2071 1525 longius

0 1525 235 1590 etiam
290 1524 656 1611 cogitabam
712 1526 793 1589 ab
848 1526 1008 1590 urbe
1065 1527 1413 1611 discedere,
1475 1527 1654 1590 cuius
1701 1527 1830 1591 iam
1876 1529 2071 1591 etiam

36 1635 273 1678 nomen
318 1613 561 1677 invitus
607 1614 823 1699 audio,
878 1618 1096 1679 tamen
1139 1614 1408 1698 propius
1463 1616 1781 1699 accedam,
1837 1614 2071 1679 Treba-

33 1702 259 1785 tioque
304 1701 621 1786 mandavi,
668 1705 758 1787 ut,
805 1702 862 1765 si
908 1701 1066 1786 quid
1108 1707 1184 1766 tu
1230 1724 1379 1766 eum
1424 1704 1620 1767 velles
1658 1703 1740 1766 ad
1773 1724 1878 1767 me
1923 1703 2071 1767 mit-

35 1794 190 1874 tere,
236 1811 318 1853 ne
365 1792 714 1875 recusaret,
762 1789 956 1873 idque
1001 1795 1075 1854 ut
1120 1790 1317 1853 facias
1354 1790 1551 1855 velim
1598 1794 1735 1875 aut,
1785 1791 1840 1854 si
1880 1813 2068 1874 quem

34 1882 300 1942 tuorum
343 1877 633 1941 fidelium
678 1877 873 1963 voles,
920 1879 1000 1942 ad
1043 1900 1147 1942 me
1184 1879 1425 1962 mittaS,
1470 1900 1550 1942 ne
1588 1883 1700 1943 aut
1736 1879 1861 1942 tibi
1897 1879 2071 1943 exire

0 1988 118 2031 ’ex
171 1965 335 2030 urbe
387 1986 643 2030 necesse
698 1965 783 2030 sit
839 1971 951 2030 aut
1003 1966 1167 2030 mihi
1222 1966 1536 2031 accedere.
1627 1965 1772 2053 Ego
1819 1970 2071 2031 tantum

34 2054 161 2118 tibi
206 2054 453 2138 tribuo,
509 2058 823 2138 quantum
876 2054 1041 2118 mihi
1093 2055 1367 2119 fortasse
1413 2055 1656 2141 adrogo
1665 2106 1684 2139 ,
1738 2058 1812 2117 ut
1858 2054 2073 2139 explo-

34 2146 252 2207 ratum
303 2141 578 2206 habeam
586 2194 604 2226 ,
661 2142 970 2226 quicquid
1021 2163 1140 2206 nos
1188 2142 1514 2207 communi
1574 2143 1892 2206 sententia
1951 2147 2075 2206 sta-

33 2231 372 2315 tuerimuS,
417 2230 487 2293 id
531 2251 751 2294 omnes
796 2231 1091 2295 homines
1136 2230 1543 2314 probaturos.
1617 2229 1797 2295 Vale.

1008 2457 1090 2523 H.

292 2578 407 2633 Ser.
445 2579 511 2634 im
548 2579 797 2635 Omnano
837 2598 889 2635 a.
928 2582 981 2634 d.
1019 2580 1119 2633 IV
1150 2581 1223 2635 K.
1263 2578 1410 2636 Mai.
1450 2599 1501 2635 a.
1543 2585 1653 2636 705
1694 2584 1832 2649 (49).

482 2701 557 2756 M.
599 2701 855 2756 CICERO
896 2702 948 2757 S.
986 2703 1051 2757 D.
1094 2702 1243 2757 SER.
1286 2702 1627 2759 SULPICIO.

166 2845 246 2909 A.
298 2844 355 2908 d.
402 2861 482 2909 111
525 2845 604 2909 K.
664 2844 869 2909 Maias
918 2866 1063 2909 cum
1110 2868 1314 2910 essem
1360 2847 1429 2910 in
1478 2846 1796 2930 CumanO,
1857 2847 2139 2930 accepit

26 2939 176 2998 tuas
212 2934 499 3019 litteras3
547 2933 782 3017 quibus
818 2934 1001 2998 lectis
1041 2935 1318 3020 cognovi
1363 2957 1495 2999 non
1533 2936 1687 2998 satis
1724 2934 2075 3018 prudenter

25 3023 261 3087 fecisse
306 3020 752 3106 Philotimum,
802 3022 929 3107 qui,
978 3043 1123 3086 cum
1117 2985 1284 3087 oabs
1330 3027 1398 3087 te
1442 3023 1744 3086 mandata
1788 3022 2071 3107 haberet,

26 3115 106 3175 ut
166 3109 429 3193 scribis,
497 3110 574 3174 de
640 3110 941 3174 omnibus
1005 3110 1229 3196 rebuS,
1296 3110 1433 3195 ipse
1493 3111 1575 3174 ad
1626 3132 1730 3174 me
1782 3131 1916 3173 non
1971 3131 2075 3175 ve—

25 3198 260 3283 nisset,
320 3160 572 3262 litteras
630 3202 774 3263 tuas
832 3198 1139 3283 misisset,
1200 3221 1359 3283 quas
1406 3198 1696 3262 intellexi
1741 3198 2071 3263 breviores

24 3287 262 3370 fuisse,
330 3286 505 3369 quod
563 3308 709 3350 eum
767 3288 1167 3370 perlaturum
1226 3289 1532 3370 putasses.
1650 3285 1777 3351 Sed
1838 3291 2071 3371 tamen

22 3378 379 3460 postquam
441 3378 586 3437 tuas
648 3374 899 3438 litteras
962 3375 1124 3461 legi,
1188 3374 1523 3439 Postumia
1585 3378 1698 3439 tua
1759 3397 1862 3440 me
1929 3396 2075 3440 con

22 3464 208 3529 venit
272 3467 338 3527 et
399 3460 661 3527 Servius
720 3468 957 3527 noster.
1048 3426 1170 3527 H'is
1229 3462 1502 3548 placuit,
1562 3467 1637 3528 ut
1694 3468 1768 3528 tu
1825 3464 1894 3527 in
1952 3462 2075 3528 Ou-

136 3577 189 3617 c
195 3588 304 3617 000
277 3576 381 3617 001
410 3576 545 3625 em
585 3577 621 3616 1.
1716 3574 1747 3622 6
