2567 3884
268 155 402 219 324
1040 154 1559 208 EPISTULARUM

265 297 452 382 certi3
508 319 699 382 quem
756 318 876 381 ego
886 347 903 381 ,
961 319 1153 380 quem
1199 297 1281 360 ad
1324 296 1592 362 modum
1635 297 1980 381 praecipis,
2034 297 2312 380 privatis

262 386 502 450 litteris
557 385 639 449 ad
696 384 941 448 bellum
997 406 1339 449 commune
1384 405 1615 448 vocare
1667 406 1802 448 non
1849 385 2088 448 desin0.
2182 383 2309 461 Qui

265 475 516 538 utinam
561 474 691 537 iam
728 473 1003 537 adesset!
1048 473 1433 537 intestinum
1471 473 1653 537 urbis
1689 473 1949 558 malum,
1998 474 2183 557 quod*
2212 477 2311 538 est

263 585 395 626 11011
441 562 789 645 mediocre,
835 561 1050 624 minus
1096 561 1490 625 timeremus,
1584 559 1712 624 Sed
1758 561 1915 644 quid
1961 562 2129 647 ago?
2174 583 2309 625 non

265 651 488 715 imitor
532 650 953 734 λακωνισμὸν
997 653 1214 734 tuum3
1273 648 1477 712 altera
1521 649 1652 712 iam
1697 649 1951 734 pagella
1996 650 2306 732 procedit.
2363 665 2389 705 5

179 819 188 828 ·
264 739 470 803 Vince
517 742 582 803 et
627 738 784 802 vale.
877 755 1032 800 XIIII
1077 737 1156 800 K.
1207 736 1510 812 Quinctil.

1169 893 1406 959 XXVI.

609 1015 726 1072 Ser.
765 1017 830 1070 in
863 1016 1060 1070 castris
1095 1015 1209 1068 III
1238 1015 1386 1069 Non.
1425 1015 1556 1069 Ima.
1595 1033 1647 1070 a.
1688 1019 1795 1070 711
1834 1018 1965 1085 (43).

738 1138 805 1193 D.
843 1137 1129 1208 BRUTUS
1167 1137 1220 1192 S.
1259 1137 1325 1192 D.
1365 1137 1439 1191 M.
1481 1136 1837 1192 CICERONI.

399 1264 687 1328 Maximo
731 1285 878 1328 meo
926 1263 1147 1327 dolore
1181 1263 1309 1327 hoc
1344 1263 1582 1327 solacio
1628 1267 1796 1347 utor,
1844 1263 2019 1348 quod
2062 1264 2313 1328 intelle·
2340 1283 2391 1321 ιο

266 1357 432 1440 gunt
485 1353 782 1417 homines
836 1373 969 1415 non
1022 1351 1160 1416 sine
1216 1372 1407 1415 causa
1449 1374 1554 1415 me
1600 1351 1892 1416 timuisse
1938 1353 2090 1436 ista,
2147 1375 2314 1438 quae

268 1441 652 1505 acciderunt.
755 1439 1164 1523 Deliberent,
1229 1443 1451 1503 utrum
1513 1439 1816 1503 traiciant
1876 1440 2169 1526 legiones
2234 1463 2315 1505 ex

266 1528 492 1593 Africa
526 1549 726 1592 necne
764 1532 829 1592 et
867 1550 946 1592 ex
992 1526 1290 1592 Sardinia
1328 1531 1394 1591 et
1428 1527 1707 1591 Brutum
1750 1533 2075 1592 accersant
2111 1550 2315 1594 necne

270 1621 336 1681 et
361 1616 526 1680 mihi
564 1617 957 1700 stipendium
988 1616 1286 1697 deneyent
1314 1638 1397 1679 an
1426 1615 1785 1680 decernant.
1857 1615 1965 1680 Ad
2018 1620 2317 1682 senatum

267 1706 520 1769 litteras
577 1705 744 1769 misi.
839 1703 1040 1768 Crede
1094 1704 1291 1788 mihi,
1353 1703 1480 1767 nisi
1536 1704 1661 1767 ista
1717 1705 1934 1768 omnia
1988 1705 2082 1768 ita
2132 1707 2315 1791 fiant,
2344 1722 2393 1762 15

270 1815 464 1877 quem
509 1793 592 1856 ad
634 1792 901 1856 modum
949 1792 1160 1856 scribo
1170 1843 1188 1876 ‚
1243 1813 1553 1877 magnum
1598 1814 1717 1856 nos
1765 1793 1977 1856 omnis
2021 1793 2315 1858 adituros

267 1882 645 1966 periculum.
710 1880 900 1966 Rogo
930 1884 1012 1964 te,
1040 1880 1271 1964 videte,
1311 1880 1547 1962 quibus
1572 1879 1949 1945 hominibus
1973 1882 2316 1968 negotium

219 2035 224 2042 ,
272 1970 463 2054 detis,
519 1969 632 2054 qui
679 1970 761 2033 ad
804 1990 909 2033 me
954 1968 1243 2054 legiones
1290 1969 1624 2032 adducant.
1698 1967 1787 2032 Et
1833 1968 1960 2033 fide
2006 1991 2171 2054 opus
2218 1973 2317 2034 est

203 2137 217 2149 ἱ
271 2063 336 2122 et
381 2059 725 2123 celeritate.
817 2075 895 2120 III
945 2055 1114 2121 Non.
1160 2053 1302 2120 Iun.
1350 2077 1429 2119 ex
1475 2057 1717 2120 castris.

205 3479 236 3524 2

1164 2212 1433 2277 XXVII.
2347 2234 2399 2274 20

406 2335 520 2390 Ser.
559 2337 624 2388 in
664 2336 976 2390 Tusculano
1013 2336 1158 2389 inter
1197 2335 1262 2387 X
1294 2341 1345 2389 et
1378 2335 1493 2387 III
1521 2335 1596 2388 K.
1635 2335 1764 2404 Sept
1799 2352 1851 2390 a.
1891 2337 2003 2390 710
2042 2337 2179 2404 (44).

914 2457 989 2512 M.
1031 2455 1288 2511 CICERO
1327 2457 1560 2512 MATIO
1601 2457 1671 2512 S..

405 2580 716 2646 Nondum
763 2583 917 2646 satis
965 2582 1291 2667 constitui,
1337 2583 1753 2647 molestiaene
1790 2581 1937 2665 plus
1973 2605 2056 2646 an
2092 2583 2318 2668 volup-

273 2669 428 2734 tatis
465 2670 757 2734 attulerit
791 2670 955 2734 mihi
991 2671 1334 2735 Trebatius
1368 2673 1605 2754 noster,
1650 2670 1848 2734 homo
1896 2692 2042 2735 cum
2085 2671 2319 2754 plenus

275 2758 477 2823 officii
504 2762 645 2821 tum
674 2759 1010 2842 utriusque
1039 2763 1335 2823 nostrum
1362 2758 1857 2822 amantissimus.
1938 2757 2129 2843 Nam,
2168 2780 2317 2823 cum
2346 2778 2398 2819 25

274 2847 343 2910 in
390 2845 826 2911 Tusculanum
871 2847 1121 2930 vesperi
1168 2847 1504 2930 venissem,
1550 2843 1864 2930 postridie
1910 2847 2021 2910 ille
2068 2847 2149 2910 ad
2192 2869 2316 2932 me,

274 2935 563 2998 nondum
623 2936 779 2999 satis
837 2936 1026 2998 firmo
1088 2956 1356 3020 corpore
1417 2956 1562 2998 cum
1617 2937 1811 3018 esset,
1870 2956 2058 2999 mane
2119 2936 2314 3000 venit.

277 3022 482 3099 Quem
530 3044 674 3086 cum
721 3023 1152 3110 obiurgarem,
1204 3022 1380 3107 quod
1424 3044 1655 3107 parum
1700 3022 2055 3088 valetudini
2100 3044 2316 3106 parce-

276 3115 392 3196 ret,
438 3115 580 3175 tum
625 3112 736 3175 ille
780 3110 946 3174 nihil
993 3112 1120 3175 sibi
1165 3111 1427 3198 longius
1472 3111 1687 3195 fuisse,
1734 3133 1929 3195 quam
1974 3115 2049 3174 ut
2082 3133 2187 3175 me
2224 3110 2317 3175 vi-

277 3199 470 3263 deret.
519 3198 1070 3284 ‘Numquidnam',
1117 3200 1401 3283 inquam,
1448 3200 1702 3263 ‘novi?'
1784 3198 2039 3263 Detulit
2084 3199 2167 3263 ad
2210 3221 2316 3263 me
2344 3218 2397 3258 30

275 3287 602 3370 querelam
654 3291 851 3351 tuam.
942 3287 1041 3351 De
1089 3310 1216 3372 qua
1260 3288 1639 3371 priusquam
1684 3287 2067 3372 respondeo,
2113 3307 2316 3371 pauca
2422 3349 2435 3360 ,

273 3396 649 3459 proponam.

410 3461 736 3537 Quantum
763 3464 1076 3527 memoria
1103 3466 1391 3546 repetere
1418 3464 1769 3548 praeterita
1794 3485 2075 3548 possum,
2122 3485 2310 3529 nemo
