2567 3884
275 502 306 549 2

286 3406 312 3451 1

345 164 476 228 530
1104 163 1619 218 EPISTULARUM

342 306 516 371 Iovis
573 307 959 391 orationem,
1021 328 1181 390 quae
1236 310 1335 371 est
1386 306 1455 370 in
1502 311 1788 371 extremo
1836 305 1949 369 illo
1995 305 2195 390 libro,
2252 325 2372 391 ego

345 416 497 460 vero
552 395 817 459 memini
872 397 938 458 et
991 395 1104 458 illa
1157 394 1375 459 omnia
1427 395 1589 459 mihi
1644 394 1851 480 magis
1905 394 2134 477 scripsi
2181 416 2377 477 quam

347 483 590 547 ceteris.
684 481 810 547 Sed
861 485 1078 547 tamen
1131 483 1474 567 postridie,
1534 505 1726 567 quam
1780 486 1853 545 tu
1908 504 1975 546 es
2026 482 2376 566 profectus,

346 572 552 636 multa
595 574 782 635 nocte
826 592 969 635 cum
1006 571 1300 635 Vibullio
1337 572 1485 635 veni
1529 571 1612 634 ad
1654 570 2053 654 Pompeium,
2100 592 2378 653 cumque

349 682 468 746 ego
529 660 801 745 egissem
862 659 938 724 de
996 660 1140 723 istis
1204 660 1507 743 operibus
1570 663 1763 743 atque
1826 658 2379 743 inscriptionibus,
2430 675 2455 714 5

346 770 461 832 per
519 748 682 812 mihi
739 748 1018 833 benigne
1077 748 1423 832 respondit.
1526 746 1830 833 Magnam
1889 768 2067 830 spem
2128 747 2381 832 attulit3

349 858 494 900 cum
543 834 768 900 Crasso
823 858 890 899 se
938 835 1101 899 dixit
1146 836 1328 919 loqui
1374 835 1537 899 velle
1582 836 1902 919 mihique,
1948 839 2022 898 ut
2067 835 2244 899 idem
2288 834 2381 898 fa-

349 946 586 1008 cerem,
647 923 862 988 suasit.
955 922 1252 987 Crassum
1315 925 1639 987 consulem
1694 946 1773 987 ex
1832 927 2056 987 senatu
2112 923 2379 987 domum

349 1013 590 1076 reduxi.
685 1012 977 1095 Suscepit
1023 1035 1158 1076 rem
1198 1012 1488 1095 dixitque
1535 1033 1687 1095 esse,
1737 1011 1910 1096 quod
1948 1010 2213 1075 Clodius
2253 1012 2379 1075 hoc

348 1104 636 1184 tempore
697 1104 956 1183 cuperet
1018 1122 1134 1184 per
1192 1122 1258 1164 se
1315 1104 1378 1164 et
1436 1123 1552 1183 per
1605 1100 1987 1184 Pompeium
2041 1100 2450 1183 consequi310

346 1193 573 1272 putare
630 1211 721 1273 se,
777 1188 832 1252 si
879 1210 998 1274 ego
1055 1211 1200 1252 eum
1245 1210 1377 1252 non
1423 1188 1819 1272 impedirem,
1863 1209 2050 1272 posse
2096 1210 2202 1251 me
2250 1188 2381 1251 adi-

348 1278 509 1360 pisci
555 1278 691 1340 sine
747 1277 1180 1360 contentione,
1238 1277 1412 1378 quod
1456 1278 1701 1341 vellem.
1794 1276 2031 1340 Totum
2079 1277 2138 1339 ei
2184 1298 2380 1362 nego-

349 1366 515 1429 tium
559 1365 822 1449 permisi
867 1386 1096 1449 meque
1141 1366 1210 1428 in
1247 1366 1383 1429 eius
1427 1369 1747 1449 potestate
1785 1364 1919 1428 dixi
1956 1365 2111 1427 fore.
2176 1362 2382 1427 Inter-

349 1454 474 1516 fuit
519 1453 671 1516 huic
716 1454 995 1517 sermoni
1030 1452 1100 1516 P.
1142 1452 1407 1517 Crassus
1444 1453 1811 1517 adulescens
1854 1453 2081 1536 nostri,
2126 1456 2203 1515 ut
2240 1453 2381 1537 scis,

351 1540 872 1605 studiosissimus.
962 1540 1135 1605 Illud
1188 1546 1402 1605 autem
1410 1593 1428 1626 ,
1485 1542 1658 1626 quod
1712 1541 1888 1626 cupit
1936 1539 2203 1604 Clodius
2210 1592 2227 1624 ,
2286 1544 2382 1605 est
2409 1554 2457 1594 1⁵

349 1629 589 1715 legatio
645 1629 861 1713 aliqua
915 1627 999 1715 (si
1055 1630 1267 1694 minus
1320 1652 1437 1715 per
1490 1634 1808 1713 senatum,
1866 1651 1981 1713 per
2032 1626 2381 1715 populum)

350 1717 556 1781 libera
610 1721 721 1781 aut
765 1717 1151 1801 Byzantium
1207 1722 1318 1782 aut
1372 1720 1460 1783 ad
1499 1718 1917 1805 Brogitarum
1976 1721 2087 1780 aut
2134 1721 2383 1781 utrum-

352 1826 492 1889 que.
582 1805 783 1869 Plena
835 1828 936 1871 res
989 1828 1416 1871 nummorum.
1510 1806 1696 1883 Quod
1750 1828 1870 1892 ego
1926 1827 2055 1869 non
2102 1806 2383 1871 nimium

350 1893 596 1979 labore,
641 1894 892 1958 etiamsi
937 1896 1150 1958 minus
1187 1895 1518 1979 adsequor,
1566 1895 1740 1979 quod
1783 1896 1949 1958 volo.
2030 1892 2385 1978 Pompeius

351 1986 567 2047 tamen
627 2004 772 2047 curn
833 1982 1059 2047 Crasso
1123 1984 1377 2047 locutus
1441 1986 1552 2048 est.
1657 1981 1979 2047 Videntur
2040 1982 2384 2067 negotium
2412 1996 2458 2035 2⁰
2559 2008 2560 2011 ¹

352 2072 718 2154 suscepisse.
784 2068 854 2135 Si
888 2072 1246 2155 perficiunt,
1294 2072 1561 2156 optime3
1608 2072 1664 2135 si
1698 2072 1930 2155 minus,
1966 2070 2048 2133 ad
2082 2074 2386 2135 nostrum

350 2156 571 2223 Iovem
617 2163 1028 2224 revertamur.

483 2245 560 2309 A.
609 2247 666 2311 d.
713 2265 792 2310 111
834 2245 987 2311 Idus
1031 2247 1216 2311 Febr.
1265 2251 1522 2312 senatus
1569 2247 1933 2311 consultum
1978 2250 2074 2310 est
2136 2195 2454 2311 factum-

355 2334 432 2397 de
476 2334 724 2398 ambitu
769 2336 838 2398 in
881 2334 1112 2399 Afrani
1158 2337 1567 2419 sententiam,
1620 2342 1835 2400 contra
1880 2357 2072 2418 quam
2120 2356 2245 2420 ego
2294 2336 2384 2399 di-

352 2444 589 2506 xeram,
628 2444 772 2487 cum
808 2426 882 2486 tu
919 2424 1194 2508 adesses3
1233 2424 1344 2489 sed
1379 2446 1615 2510 magno
1654 2446 1798 2487 cum
1834 2423 2083 2509 gemitu
2121 2428 2383 2488 senatus
2410 2436 2457 2476 2⁵

355 2511 645 2575 consules
716 2533 848 2575 non
912 2516 1060 2575 sunt
1131 2513 1452 2596 persecuti
1516 2534 1739 2576 eorum
1803 2512 2185 2595 sententias,
2254 2512 2384 2596 qui,

351 2598 622 2663 Afranio
679 2621 824 2667 cum
871 2604 1079 2665 essent
1125 2601 1402 2684 adsensi,
1464 2601 1870 2683 addiderunt,
1924 2603 1998 2663 ut
2050 2604 2383 2683 praetores

352 2688 445 2751 ita
482 2691 864 2771 crearentur,
910 2692 982 2753 ut
1022 2688 1155 2752 dies
1193 2652 1527 2775 sexaginta
1570 2688 1809 2773 privati
1846 2691 2071 2752 essent.
2139 2687 2240 2751 Eo
2283 2687 2383 2751 die

354 2774 663 2839 Catonem
706 2777 894 2860 plane
940 2776 1374 2860 repudiarunt.
1467 2775 1637 2852 Quid
1679 2775 1932 2840 multa?
1978 2779 2202 2840 tenent
2252 2798 2385 2841 om-

352 2864 459 2927 nia
503 2864 696 2947 idque
741 2865 833 2927 ita
879 2886 1098 2928 omnes
1144 2865 1518 2951 intellegere
1564 2865 1808 2929 volunt.
2410 2878 2456 2917 30
2559 2896 2560 2899 ¹

1185 3038 1362 3104 vm.
1404 3039 1539 3124 [Χ]

893 3160 1004 3215 Sor.
1042 3176 1218 3215 mense
1254 3161 1419 3215 Maio
1455 3178 1505 3214 a.
1546 3164 1658 3216 699
1697 3164 1833 3228 (55).

705 3264 997 3319 MARCUS
1037 3264 1312 3329 QUINTO
1350 3264 1618 3317 FRATRI
1666 3264 2019 3319 SALUTEM.

486 3389 583 3454 Tu
629 3392 880 3475 metuiS,
925 3413 1007 3455 ne
1051 3414 1154 3455 1116
1200 3391 1612 3475 interpelles?
1670 3391 1988 3477 Primum,
2035 3392 2092 3456 si
2135 3392 2209 3455 in
2255 3393 2380 3457 isto

355 3499 582 3562 essem,
628 3482 701 3542 tu
748 3480 896 3563 scis„
944 3480 1100 3563 quid
1145 3480 1229 3544 sit
1274 3480 1698 3563 interpellare.
1790 3479 2087 3545 Antiates
2130 3482 2379 3546 11161161·-
2404 3496 2449 3537 ³⁵
2559 3496 2560 3549 ἒ
