2567 3884
314 177 395 240 78
1071 175 1583 230 EPISTULARUM

443 319 793 386 Decedenti
849 319 1013 384 mihi
1073 323 1138 383 et
1195 319 1326 383 iam
1385 319 1657 403 imperio
1718 341 1929 384 annuo
1988 319 2340 385 terminato

311 412 458 472 ante
503 409 562 473 d.
606 427 686 472 111
728 407 951 474 Nonas
1007 406 1207 491 Sext,
1263 429 1410 471 cum
1464 408 1547 471 ad
1601 406 1820 471 Sidam
1878 408 2028 472 navi
2087 409 2341 472 accede-

310 518 472 580 rem,
519 501 583 560 et
627 518 879 561 mecum
926 495 998 572 Q.
1047 495 1356 560 Servilius
1395 499 1578 578 esset,
1623 495 1879 560 litterae
1916 519 1955 559 a
1987 496 2148 559 meis
2186 501 2339 560 sunt

309 584 610 650 redditae.
701 584 858 648 Dixi
912 584 1131 648 statim
1179 581 1453 648 Servilio
1502 580 1771 670 (etenim
1817 583 2155 648 videbatur
2199 606 2336 649 esse

310 670 723 760 commotus),
782 677 857 737 ut
911 672 1128 737 omnia
1171 694 1210 735 a
1252 694 1357 736 me
1401 672 1648 736 maiora
1692 675 2072 755 expectaret.
2164 671 2337 749 Quid
2393 691 2424 732 5

308 761 555 825 multa?
600 761 1086 825 benevolentior
1128 759 1283 844 tibi,
1332 782 1524 843 quam
1569 760 1692 843 fui,
1738 760 1873 824 nilo
1921 781 2063 823 sum
2109 760 2334 845 factus,

310 849 684 935 diligentior
718 849 800 912 ad
836 848 1276 912 declarandam
1314 847 1825 912 benevolentiam
1860 848 2085 912 multo,
2144 847 2335 933 Nam,

309 941 381 1001 ut
426 941 611 1002 vetus
656 940 878 1000 nostra
932 936 1224 1000 simultas
1279 940 1467 1000 antea
1512 935 1885 1000 stimulabat
1928 957 2059 1021 me,
2117 939 2193 1000 ut
2239 958 2337 1000 ca-

307 1047 548 1110 verem,
606 1045 688 1088 ne
743 1024 846 1087 cui
903 1023 1333 1107 suspicionem
1387 1024 1535 1088 ficte
1589 1024 2034 1088 reconciliatae
2087 1024 2336 1110 gratiae

310 1114 552 1195 darem,
611 1112 704 1175 sic
757 1111 1052 1175 adfinitas
1105 1133 1273 1176 nova
1329 1133 1546 1175 curam
1590 1112 1754 1175 mihi
1800 1113 2007 1176 adfert
2053 1113 2335 1198 cavendi,
2366 1133 2420 1173 10

306 1222 388 1265 ne
435 1163 590 1284 quid
637 1200 713 1265 de
759 1222 1009 1264 summo
1055 1221 1199 1264 meo
1247 1222 1400 1286 erga
1444 1203 1510 1265 te
1551 1221 1768 1264 amore
1806 1200 2163 1265 detractum
2199 1222 2337 1265 esse

307 1288 617 1354 videatur.

1229 1496 1404 1562 XIII.

643 1635 757 1692 Ser.
795 1635 982 1690 Rhodi
1016 1636 1141 1691 circ.
1182 1636 1284 1691 IV
1310 1637 1397 1692 101.
1438 1635 1582 1691 sm.
1622 1655 1673 1690 a.
1714 1640 1825 1692 704
1864 1639 2003 1706 (50).

833 1756 1090 1812 elcERo
1129 1757 1345 1813 APPIO
1381 1757 1716 1813 PULCHRO
1756 1759 1808 1815 3.
2366 1781 2419 1822 1⁵

443 1901 639 1977 Quasi
684 1901 1036 1965 divinarem
1081 1902 1199 1965 tali
1244 1902 1314 1965 in
1356 1902 1569 1966 officio
1616 1902 1755 1966 fore
1790 1902 1953 1966 mihi
1990 1903 2337 1987 aliquando

308 1991 732 2074 expetendum
797 1989 1083 2053 studium
1144 1993 1354 2075 tuum,
1420 1990 1542 2075 sic,
1606 2011 1751 2054 cum
1817 1991 1893 2054 de
1953 1991 2084 2054 tuis
2144 1993 2339 2056 rebus

307 2078 507 2163 gestis
551 2078 879 2164 agebatur,
925 2077 1352 2142 inserviebam
1396 2078 1631 2143 honori
1675 2082 1817 2164 tu03
1865 2078 2074 2143 dicam
2117 2083 2338 2144 tamen

307 2187 481 2230 vere·
527 2165 700 2250 Plus,
748 2187 940 2249 quam
985 2186 1342 2250 acceperas,
1387 2166 1740 2231 reddidisti.
1833 2164 1989 2242 Quis
2036 2167 2207 2231 enim
2255 2168 2339 2231 ad

307 2274 410 2317 me
453 2275 585 2317 non
628 2253 1000 2337 perscripsit
1044 2257 1110 2317 te
1152 2275 1285 2318 non
1330 2254 1541 2318 30111111
1586 2255 1967 2318 auctoritate
2005 2255 2334 2341 orationiS‚
2364 2273 2419 2314 20

309 2341 626 2406 sententia
668 2346 806 2425 tua,
862 2341 1098 2425 quibus
1153 2362 1274 2427 ego
1322 2365 1361 2405 a
1403 2343 1523 2406 tali
1566 2343 1707 2406 viro
1756 2346 2094 2407 contentus
2140 2364 2334 2428 eram,

308 2429 420 2492 sed
463 2429 658 2493 etiam
695 2450 904 2514 opera,
951 2429 1237 2513 oonsilio,
1284 2431 1548 2494 domum
1582 2430 1913 2515 veniendo,
1960 2432 2338 2495 convenien-

309 2516 406 2581 dis
450 2516 611 2580 meis
645 2517 897 2582 nullum
935 2539 1096 2582 onus
1133 2518 1335 2582 officii
1372 2519 1670 2601 cuiquam
1707 2518 2028 2602 reliquum
2064 2519 2336 2584 fecisse?

305 2605 484 2669 Haec
525 2605 690 2669 mihi
736 2605 1048 2689 ampliora
1092 2606 1300 2670 multo
1348 2610 1497 2670 sunt
1544 2628 1737 2690 quam
1782 2607 1895 2670 illa
1940 2607 2095 2691 ipsa,
2144 2629 2337 2690 prop-

305 2697 406 2757 ter
451 2715 614 2777 quae
655 2693 815 2757 haec
857 2694 1248 2757 laborantur.
1312 2692 1602 2781 Insignia
1638 2694 1811 2758 enim
1845 2694 2107 2758 virtutis
2142 2695 2336 2759 multi
2363 2711 2417 2752 2⁵

306 2781 502 2845 etiam
545 2781 683 2845 sine
727 2781 969 2846 virtute
1014 2781 1299 2846 adsecuti
1345 2786 1511 2866 sunt,
1555 2782 1784 2846 talium
1820 2783 2109 2846 virorum
2154 2786 2337 2846 tanta

305 2870 518 2933 studia
576 2869 841 2953 adsequi
899 2869 1034 2934 sola
1086 2869 1295 2934 virtus
1352 2874 1583 2953 potest.
1682 2869 1910 2954 Itaque
1968 2870 2132 2934 mihi
2190 2893 2337 2955 pro-

303 2979 476 3040 pono
522 2957 804 3022 fructum
851 2957 1171 3022 amicitiae
1215 2961 1473 3023 nostrae
1521 2958 1726 3041 ipsam
1772 2958 2147 3043 amicitiam,
2209 2981 2338 3042 qua

303 3045 470 3109 nihil
505 3049 603 3109 est
639 3045 918 3130 1111011113,
963 3046 1340 3129 praesertim
1377 3046 1446 3110 in
1481 3046 1563 3110 iis
1600 3046 1847 3130 studiis,
1894 3047 2130 3130 quibus
2166 3048 2337 3111 uter-

307 3154 430 3215 que
475 3137 770 3197 nostrum
817 3133 1147 3198 devinctus
1194 3136 1306 3197 est.
1396 3132 1568 3198 Nam
1613 3134 1739 3198 tibi
1773 3156 1878 3198 me
1922 3134 2236 3218 profiteor
2272 3139 2338 3198 et
2364 3153 2417 3192 so

306 3221 375 3283 in
429 3242 498 3284 re
551 3221 812 3304 publica
865 3221 1134 3305 socium,
1202 3222 1278 3285 de
1334 3243 1461 3304 qua
1515 3222 1686 3286 idem
1740 3222 2082 3306 sentimUS‚
2148 3226 2213 3286 et
2268 3222 2338 3287 in

307 3307 627 3371 cotidiana
670 3309 806 3373 vita
851 3309 1280 3393 coniunctum,
1329 3331 1520 3392 quam
1554 3309 1659 3373 his
1696 3310 1943 3374 artibus
1980 3309 2338 3394 studiisque

307 3394 591 3459 colimus.
682 3395 936 3460 Vellem
989 3397 1082 3460 ita
1135 3397 1397 3461 fortuna
1449 3397 1730 3482 tulisset,
1786 3401 1885 3482 ut,
1942 3398 2169 3481 quanti
2214 3419 2338 3484 ego

307 3482 515 3547 omnis
574 3487 722 3547 tuos
777 3484 971 3569 facio,
1029 3484 1196 3547 tanti
1248 3489 1324 3548 tu
1378 3506 1557 3549 meos
1601 3486 1807 3550 facere
1852 3507 2103 3572 posseS,
2166 3487 2341 3570 quod
