<?xml version="1.0" encoding="UTF-8"?>
<!DOCTYPE html PUBLIC "-//W3C//DTD XHTML 1.0 Transitional//EN"
    "http://www.w3.org/TR/xhtml1/DTD/xhtml1-transitional.dtd">
<html xmlns="http://www.w3.org/1999/xhtml" xml:lang="en" lang="en">
 <head>
  <title>
</title>
<meta http-equiv="Content-Type" content="text/html;charset=utf-8" />
  <meta name='ocr-system' content='tesseract 3.04.00' />
  <meta name='ocr-capabilities' content='ocr_page ocr_carea ocr_par ocr_line ocrx_word'/>
</head>
<body>
  <div class='ocr_page' id='page_1' title='image "./scriptaquaemans02mlgoog_0136.png"; bbox 0 0 2567 3884; ppageno 0'>
   <div class='ocr_carea' id='block_1_1' title="bbox 337 181 1603 246">
    <p class='ocr_par' dir='ltr' id='par_1_1' title="bbox 337 181 1603 246">
     <span class='ocr_line' id='line_1_1' title="bbox 337 181 1603 246; baseline -0.009 0"><span class='ocrx_word' id='word_1_1' title='bbox 337 183 428 246; x_wconf 84' lang='lat'><strong>44</strong></span> <span class='ocrx_word' id='word_1_2' title='bbox 1087 181 1603 236; x_wconf 85' lang='lat' dir='ltr'><strong>EPISTULARUM</strong></span> 
     </span>
    </p>
   </div>
   <div class='ocr_carea' id='block_1_2' title="bbox 759 395 1949 585">
    <p class='ocr_par' dir='ltr' id='par_1_2' title="bbox 759 395 1949 585">
     <span class='ocr_line' id='line_1_2' title="bbox 1265 395 1443 461; baseline 0.006 -1"><span class='ocrx_word' id='word_1_3' title='bbox 1265 395 1443 461; x_wconf 89' lang='lat' dir='ltr'>XIV.</span> 
     </span>
     <span class='ocr_line' id='line_1_3' title="bbox 759 515 1949 585; baseline 0 -13"><span class='ocrx_word' id='word_1_4' title='bbox 759 517 874 573; x_wconf 77' lang='lat' dir='ltr'><strong>Ser.</strong></span> <span class='ocrx_word' id='word_1_5' title='bbox 912 515 1220 572; x_wconf 65' lang='lat' dir='ltr'><strong>Laodiceae</strong></span> <span class='ocrx_word' id='word_1_6' title='bbox 1253 534 1324 572; x_wconf 87' lang='lat' dir='ltr'><strong>m.</strong></span> <span class='ocrx_word' id='word_1_7' title='bbox 1365 515 1526 572; x_wconf 81' lang='lat' dir='ltr'><strong>Febr.</strong></span> <span class='ocrx_word' id='word_1_8' title='bbox 1566 533 1619 571; x_wconf 86' lang='grc' dir='ltr'><strong>α.</strong></span> <span class='ocrx_word' id='word_1_9' title='bbox 1660 519 1771 571; x_wconf 75' lang='grc'><strong>704</strong></span> <span class='ocrx_word' id='word_1_10' title='bbox 1810 520 1949 585; x_wconf 87' lang='grc'><strong><em>(50).</em></strong></span> 
     </span>
    </p>
   </div>
   <div class='ocr_carea' id='block_1_3' title="bbox 449 637 2273 696">
    <p class='ocr_par' dir='ltr' id='par_1_3' title="bbox 449 637 2273 696">
     <span class='ocr_line' id='line_1_4' title="bbox 449 637 2273 696; baseline 0.001 -2"><span class='ocrx_word' id='word_1_11' title='bbox 449 641 525 696; x_wconf 83' lang='grc' dir='ltr'><strong>Μ.</strong></span> <span class='ocrx_word' id='word_1_12' title='bbox 577 639 834 695; x_wconf 87' lang='lat' dir='ltr'>CICERO</span> <span class='ocrx_word' id='word_1_13' title='bbox 881 639 1028 694; x_wconf 87' lang='lat' dir='ltr'>IMP.</span> <span class='ocrx_word' id='word_1_14' title='bbox 1069 639 1122 694; x_wconf 81' lang='lat' dir='ltr'><strong>S.</strong></span> <span class='ocrx_word' id='word_1_15' title='bbox 1159 637 1226 693; x_wconf 90' lang='lat' dir='ltr'><strong>D.</strong></span> <span class='ocrx_word' id='word_1_16' title='bbox 1266 637 1342 693; x_wconf 88' lang='lat' dir='ltr'><strong>M.</strong></span> <span class='ocrx_word' id='word_1_17' title='bbox 1383 637 1645 693; x_wconf 85' lang='lat' dir='ltr'>CAELIO</span> <span class='ocrx_word' id='word_1_18' title='bbox 1692 637 1942 694; x_wconf 90' lang='lat' dir='ltr'>AEDILI</span> <span class='ocrx_word' id='word_1_19' title='bbox 1990 637 2273 695; x_wconf 77' lang='lat' dir='ltr'>CURULI.</span> 
     </span>
    </p>
   </div>
   <div class='ocr_carea' id='block_1_4' title="bbox 273 764 2469 1888">
    <p class='ocr_par' dir='ltr' id='par_1_4' title="bbox 273 764 2469 1556">
     <span class='ocr_line' id='line_1_5' title="bbox 273 764 2386 852; baseline -0 -21"><span class='ocrx_word' id='word_1_20' title='bbox 273 783 302 830; x_wconf 90' lang='lat'>1</span> <span class='ocrx_word' id='word_1_21' title='bbox 475 766 562 830; x_wconf 84' lang='lat' dir='ltr'><strong>M.</strong></span> <span class='ocrx_word' id='word_1_22' title='bbox 609 766 838 852; x_wconf 86' lang='lat' dir='ltr'><strong>Fadio,</strong></span> <span class='ocrx_word' id='word_1_23' title='bbox 893 765 1036 829; x_wconf 82' lang='lat' dir='ltr'><strong>viro</strong></span> <span class='ocrx_word' id='word_1_24' title='bbox 1093 764 1341 848; x_wconf 85' lang='lat' dir='ltr'><strong>optimo</strong></span> <span class='ocrx_word' id='word_1_25' title='bbox 1398 768 1463 828; x_wconf 87' lang='lat' dir='ltr'><strong>et</strong></span> <span class='ocrx_word' id='word_1_26' title='bbox 1515 764 1779 828; x_wconf 88' lang='lat' dir='ltr'><strong>homine</strong></span> <span class='ocrx_word' id='word_1_27' title='bbox 1836 765 2208 830; x_wconf 87' lang='lat' dir='ltr'><strong>doctissimo</strong></span> <span class='ocrx_word' id='word_1_28' title='bbox 2216 818 2235 851; x_wconf 93' lang='lat'><strong>,</strong></span> <span class='ocrx_word' id='word_1_29' title='bbox 2290 767 2386 830; x_wconf 82' lang='lat' dir='ltr'><strong>fa—</strong></span> 
     </span>
     <span class='ocr_line' id='line_1_6' title="bbox 341 853 2446 939; baseline 0 -20"><span class='ocrx_word' id='word_1_30' title='bbox 341 855 777 920; x_wconf 85' lang='lat' dir='ltr'><strong>miliarissime</strong></span> <span class='ocrx_word' id='word_1_31' title='bbox 829 857 981 918; x_wconf 88' lang='lat' dir='ltr'><strong>utor</strong></span> <span class='ocrx_word' id='word_1_32' title='bbox 1024 853 1423 936; x_wconf 90' lang='lat' dir='ltr'><strong>mirificeque</strong></span> <span class='ocrx_word' id='word_1_33' title='bbox 1478 873 1626 916; x_wconf 91' lang='lat' dir='ltr'><strong>eum</strong></span> <span class='ocrx_word' id='word_1_34' title='bbox 1674 853 1876 939; x_wconf 84' lang='lat' dir='ltr'>diligo</span> <span class='ocrx_word' id='word_1_35' title='bbox 1923 875 2069 918; x_wconf 93' lang='lat' dir='ltr'><strong>cum</strong></span> <span class='ocrx_word' id='word_1_36' title='bbox 2112 859 2387 938; x_wconf 85' lang='lat' dir='ltr'><strong>propter</strong></span> <span class='ocrx_word' id='word_1_37' title='bbox 2416 873 2446 912; x_wconf 85' lang='lat'><strong>5</strong></span> 
     </span>
     <span class='ocr_line' id='line_1_7' title="bbox 340 941 2384 1028; baseline -0 -20"><span class='ocrx_word' id='word_1_38' title='bbox 340 965 668 1008; x_wconf 85' lang='lat' dir='ltr'><strong>summum</strong></span> <span class='ocrx_word' id='word_1_39' title='bbox 726 942 1060 1028; x_wconf 81' lang='lat' dir='ltr'><strong>ingenium</strong></span> <span class='ocrx_word' id='word_1_40' title='bbox 1119 941 1256 1004; x_wconf 90' lang='lat' dir='ltr'><strong>eius</strong></span> <span class='ocrx_word' id='word_1_41' title='bbox 1316 961 1762 1024; x_wconf 80' lang='lat' dir='ltr'><strong>summamque</strong></span> <span class='ocrx_word' id='word_1_42' title='bbox 1822 943 2179 1006; x_wconf 70' lang='lat' dir='ltr'><strong>doctrinam</strong></span> <span class='ocrx_word' id='word_1_43' title='bbox 2236 947 2384 1007; x_wconf 89' lang='lat' dir='ltr'><strong>tum</strong></span> 
     </span>
     <span class='ocr_line' id='line_1_8' title="bbox 343 1028 2384 1116; baseline -0.001 -20"><span class='ocrx_word' id='word_1_44' title='bbox 343 1035 611 1116; x_wconf 82' lang='lat' dir='ltr'><strong>propter</strong></span> <span class='ocrx_word' id='word_1_45' title='bbox 679 1030 1072 1116; x_wconf 80' lang='lat' dir='ltr'><strong>singularem</strong></span> <span class='ocrx_word' id='word_1_46' title='bbox 1138 1028 1536 1093; x_wconf 87' lang='lat' dir='ltr'><strong>modestiam.</strong></span> <span class='ocrx_word' id='word_1_47' title='bbox 1658 1028 1821 1093; x_wconf 86' lang='lat' dir='ltr'><strong>Eius</strong></span> <span class='ocrx_word' id='word_1_48' title='bbox 1887 1030 2223 1116; x_wconf 90' lang='lat' dir='ltr'><strong>negotium</strong></span> <span class='ocrx_word' id='word_1_49' title='bbox 2286 1029 2384 1094; x_wconf 86' lang='lat' dir='ltr'><strong>sic</strong></span> 
     </span>
     <span class='ocr_line' id='line_1_9' title="bbox 344 1117 2381 1204; baseline -0 -20"><span class='ocrx_word' id='word_1_50' title='bbox 344 1120 540 1184; x_wconf 77' lang='lat' dir='ltr'><strong>velim</strong></span> <span class='ocrx_word' id='word_1_51' title='bbox 597 1118 931 1202; x_wconf 78' lang='lat' dir='ltr'><strong>suscipias,</strong></span> <span class='ocrx_word' id='word_1_52' title='bbox 991 1120 1066 1181; x_wconf 90' lang='lat' dir='ltr'><strong>ut</strong></span> <span class='ocrx_word' id='word_1_53' title='bbox 1124 1117 1179 1180; x_wconf 90' lang='lat' dir='ltr'><strong>si</strong></span> <span class='ocrx_word' id='word_1_54' title='bbox 1234 1121 1403 1180; x_wconf 72' lang='lat' dir='ltr'><strong>esset</strong></span> <span class='ocrx_word' id='word_1_55' title='bbox 1454 1138 1557 1181; x_wconf 89' lang='lat' dir='ltr'><strong>res</strong></span> <span class='ocrx_word' id='word_1_56' title='bbox 1610 1137 1767 1181; x_wconf 89' lang='lat' dir='ltr'><strong>mea.</strong></span> <span class='ocrx_word' id='word_1_57' title='bbox 1857 1117 2031 1182; x_wconf 81' lang='lat' dir='ltr'><strong>Novi</strong></span> <span class='ocrx_word' id='word_1_58' title='bbox 2084 1141 2208 1204; x_wconf 88' lang='lat' dir='ltr'><strong>ego</strong></span> <span class='ocrx_word' id='word_1_59' title='bbox 2261 1140 2381 1183; x_wconf 82' lang='lat' dir='ltr'><strong>vos</strong></span> 
     </span>
     <span class='ocr_line' id='line_1_10' title="bbox 343 1205 2382 1294; baseline -0 -23"><span class='ocrx_word' id='word_1_60' title='bbox 343 1229 616 1294; x_wconf 85' lang='lat' dir='ltr'><strong>magnos</strong></span> <span class='ocrx_word' id='word_1_61' title='bbox 658 1210 996 1291; x_wconf 83' lang='lat' dir='ltr'><strong>patronos3</strong></span> <span class='ocrx_word' id='word_1_62' title='bbox 1040 1205 1373 1269; x_wconf 87' lang='lat' dir='ltr'><strong>hominem</strong></span> <span class='ocrx_word' id='word_1_63' title='bbox 1411 1205 1660 1268; x_wconf 85' lang='lat' dir='ltr'><strong>occidat</strong></span> <span class='ocrx_word' id='word_1_64' title='bbox 1696 1210 1969 1291; x_wconf 87' lang='lat' dir='ltr'><strong>oportet,</strong></span> <span class='ocrx_word' id='word_1_65' title='bbox 2016 1207 2128 1290; x_wconf 91' lang='lat' dir='ltr'><strong>qui</strong></span> <span class='ocrx_word' id='word_1_66' title='bbox 2164 1211 2382 1271; x_wconf 82' lang='lat' dir='ltr'><strong>vestra</strong></span> 
     </span>
     <span class='ocr_line' id='line_1_11' title="bbox 344 1292 2469 1380; baseline 0 -21"><span class='ocrx_word' id='word_1_67' title='bbox 344 1317 542 1380; x_wconf 87' lang='lat' dir='ltr'><strong>opera</strong></span> <span class='ocrx_word' id='word_1_68' title='bbox 585 1296 684 1358; x_wconf 89' lang='lat' dir='ltr'><strong>uti</strong></span> <span class='ocrx_word' id='word_1_69' title='bbox 728 1295 904 1358; x_wconf 81' lang='lat' dir='ltr'><strong>velit.</strong></span> <span class='ocrx_word' id='word_1_70' title='bbox 961 1293 1088 1358; x_wconf 85' lang='lat' dir='ltr'><strong>Sed</strong></span> <span class='ocrx_word' id='word_1_71' title='bbox 1121 1293 1191 1357; x_wconf 90' lang='lat' dir='ltr'><strong>in</strong></span> <span class='ocrx_word' id='word_1_72' title='bbox 1226 1292 1353 1357; x_wconf 91' lang='lat' dir='ltr'><strong>hoc</strong></span> <span class='ocrx_word' id='word_1_73' title='bbox 1395 1292 1658 1357; x_wconf 90' lang='lat' dir='ltr'><strong>homine</strong></span> <span class='ocrx_word' id='word_1_74' title='bbox 1700 1294 1945 1358; x_wconf 85' lang='lat' dir='ltr'><strong>nullam</strong></span> <span class='ocrx_word' id='word_1_75' title='bbox 1982 1295 2226 1378; x_wconf 89' lang='lat' dir='ltr'><strong>accipio</strong></span> <span class='ocrx_word' id='word_1_76' title='bbox 2272 1317 2379 1360; x_wconf 84' lang='lat' dir='ltr'><strong>ex-</strong></span> <span class='ocrx_word' id='word_1_77' title='bbox 2410 1314 2469 1353; x_wconf 86' lang='lat'><strong>10</strong></span> 
     </span>
     <span class='ocr_line' id='line_1_12' title="bbox 345 1381 2380 1468; baseline 0 -21"><span class='ocrx_word' id='word_1_78' title='bbox 345 1383 757 1448; x_wconf 87' lang='lat' dir='ltr'><strong>cusationem.</strong></span> <span class='ocrx_word' id='word_1_79' title='bbox 849 1381 1084 1446; x_wconf 90' lang='lat' dir='ltr'><strong>Omnia</strong></span> <span class='ocrx_word' id='word_1_80' title='bbox 1126 1381 1467 1468; x_wconf 90' lang='lat' dir='ltr'><strong>relinques,</strong></span> <span class='ocrx_word' id='word_1_81' title='bbox 1514 1382 1570 1445; x_wconf 89' lang='lat' dir='ltr'><strong>si</strong></span> <span class='ocrx_word' id='word_1_82' title='bbox 1615 1403 1719 1446; x_wconf 89' lang='lat' dir='ltr'><strong>me</strong></span> <span class='ocrx_word' id='word_1_83' title='bbox 1764 1382 2027 1467; x_wconf 86' lang='lat' dir='ltr'><strong>amabis,</strong></span> <span class='ocrx_word' id='word_1_84' title='bbox 2075 1404 2220 1446; x_wconf 91' lang='lat' dir='ltr'><strong>cum</strong></span> <span class='ocrx_word' id='word_1_85' title='bbox 2262 1387 2380 1448; x_wconf 88' lang='lat' dir='ltr'><strong>tua</strong></span> 
     </span>
     <span class='ocr_line' id='line_1_13' title="bbox 347 1469 1201 1556; baseline -0.002 -21"><span class='ocrx_word' id='word_1_86' title='bbox 347 1493 544 1556; x_wconf 87' lang='lat' dir='ltr'><strong>opera</strong></span> <span class='ocrx_word' id='word_1_87' title='bbox 585 1471 822 1535; x_wconf 81' lang='lat' dir='ltr'><strong>Fadius</strong></span> <span class='ocrx_word' id='word_1_88' title='bbox 868 1470 966 1533; x_wconf 88' lang='lat' dir='ltr'><strong>uti</strong></span> <span class='ocrx_word' id='word_1_89' title='bbox 1011 1469 1201 1534; x_wconf 79' lang='lat' dir='ltr'><strong>volet.</strong></span> 
     </span>
    </p>

    <p class='ocr_par' dir='ltr' id='par_1_5' title="bbox 341 1556 2463 1888">
     <span class='ocr_line' id='line_1_14' title="bbox 479 1556 2377 1644; baseline 0.001 -22"><span class='ocrx_word' id='word_1_90' title='bbox 479 1559 624 1644; x_wconf 90' lang='lat' dir='ltr'><strong>Ego</strong></span> <span class='ocrx_word' id='word_1_91' title='bbox 682 1579 784 1622; x_wconf 88' lang='lat' dir='ltr'><strong>res</strong></span> <span class='ocrx_word' id='word_1_92' title='bbox 827 1557 1154 1622; x_wconf 87' lang='lat' dir='ltr'><strong>Romanas</strong></span> <span class='ocrx_word' id='word_1_93' title='bbox 1195 1556 1610 1621; x_wconf 79' lang='lat' dir='ltr'><strong>vehementer</strong></span> <span class='ocrx_word' id='word_1_94' title='bbox 1662 1561 1929 1641; x_wconf 83' lang='lat' dir='ltr'><strong>expecto</strong></span> <span class='ocrx_word' id='word_1_95' title='bbox 1977 1561 2042 1622; x_wconf 90' lang='lat' dir='ltr'><strong>et</strong></span> <span class='ocrx_word' id='word_1_96' title='bbox 2086 1558 2377 1623; x_wconf 87' lang='lat' dir='ltr'><strong>desidero</strong></span> 
     </span>
     <span class='ocr_line' id='line_1_15' title="bbox 343 1645 2378 1731; baseline -0 -19"><span class='ocrx_word' id='word_1_97' title='bbox 343 1647 415 1712; x_wconf 83' lang='lat' dir='ltr'><strong>in</strong></span> <span class='ocrx_word' id='word_1_98' title='bbox 472 1646 859 1731; x_wconf 81' lang='lat' dir='ltr'><strong>primisque,</strong></span> <span class='ocrx_word' id='word_1_99' title='bbox 921 1645 1079 1730; x_wconf 90' lang='lat' dir='ltr'><strong>quid</strong></span> <span class='ocrx_word' id='word_1_100' title='bbox 1137 1667 1320 1731; x_wconf 85' lang='lat' dir='ltr'><strong>agas,</strong></span> <span class='ocrx_word' id='word_1_101' title='bbox 1382 1645 1543 1709; x_wconf 88' lang='lat' dir='ltr'><strong>scire</strong></span> <span class='ocrx_word' id='word_1_102' title='bbox 1598 1647 1816 1731; x_wconf 84' lang='lat' dir='ltr'><strong>cupi03</strong></span> <span class='ocrx_word' id='word_1_103' title='bbox 1875 1667 2025 1710; x_wconf 86' lang='lat' dir='ltr'><strong>nam</strong></span> <span class='ocrx_word' id='word_1_104' title='bbox 2080 1646 2210 1710; x_wconf 87' lang='lat' dir='ltr'><strong>iam</strong></span> <span class='ocrx_word' id='word_1_105' title='bbox 2264 1647 2378 1712; x_wconf 91' lang='lat' dir='ltr'><strong>diu</strong></span> 
     </span>
     <span class='ocr_line' id='line_1_16' title="bbox 341 1733 2463 1820; baseline 0.001 -22"><span class='ocrx_word' id='word_1_106' title='bbox 341 1739 610 1819; x_wconf 89' lang='lat' dir='ltr'><strong>propter</strong></span> <span class='ocrx_word' id='word_1_107' title='bbox 643 1735 876 1799; x_wconf 88' lang='lat' dir='ltr'><strong>hiemis</strong></span> <span class='ocrx_word' id='word_1_108' title='bbox 912 1733 1427 1820; x_wconf 71' lang='lat' dir='ltr'><strong>magnitudinem</strong></span> <span class='ocrx_word' id='word_1_109' title='bbox 1462 1733 1630 1798; x_wconf 84' lang='lat' dir='ltr'><strong>nihil</strong></span> <span class='ocrx_word' id='word_1_110' title='bbox 1674 1734 1755 1797; x_wconf 88' lang='lat' dir='ltr'><strong>ad</strong></span> <span class='ocrx_word' id='word_1_111' title='bbox 1798 1753 1917 1798; x_wconf 87' lang='lat' dir='ltr'><strong>nos</strong></span> <span class='ocrx_word' id='word_1_112' title='bbox 1960 1735 2114 1799; x_wconf 80' lang='lat' dir='ltr'><strong>novi</strong></span> <span class='ocrx_word' id='word_1_113' title='bbox 2158 1736 2378 1800; x_wconf 86' lang='lat' dir='ltr'><strong>affere—</strong></span> <span class='ocrx_word' id='word_1_114' title='bbox 2405 1751 2463 1792; x_wconf 83' lang='lat'><strong>15</strong></span> 
     </span>
     <span class='ocr_line' id='line_1_17' title="bbox 343 1824 552 1888; baseline 0.005 -1"><span class='ocrx_word' id='word_1_115' title='bbox 343 1824 552 1888; x_wconf 86' lang='lat' dir='ltr'><strong>batur.</strong></span> 
     </span>
    </p>
   </div>
   <div class='ocr_carea' id='block_1_5' title="bbox 573 1978 2147 2170">
    <p class='ocr_par' dir='ltr' id='par_1_6' title="bbox 573 1978 2147 2170">
     <span class='ocr_line' id='line_1_18' title="bbox 1283 1978 1427 2044; baseline 0 0"><span class='ocrx_word' id='word_1_116' title='bbox 1283 1978 1427 2044; x_wconf 90' lang='lat' dir='ltr'><strong>XV.</strong></span> 
     </span>
     <span class='ocr_line' id='line_1_19' title="bbox 573 2099 2147 2170; baseline -0.001 -13"><span class='ocrx_word' id='word_1_117' title='bbox 573 2101 687 2157; x_wconf 76' lang='lat' dir='ltr'><strong>Ser.</strong></span> <span class='ocrx_word' id='word_1_118' title='bbox 725 2100 894 2156; x_wconf 75' lang='lat' dir='ltr'><strong>Sidae</strong></span> <span class='ocrx_word' id='word_1_119' title='bbox 929 2099 1044 2154; x_wconf 91' lang='lat' dir='ltr'><strong>III</strong></span> <span class='ocrx_word' id='word_1_120' title='bbox 1069 2105 1171 2155; x_wconf 76' lang='lat' dir='ltr'><strong>aut</strong></span> <span class='ocrx_word' id='word_1_121' title='bbox 1198 2102 1351 2169; x_wconf 76' lang='lat' dir='ltr'><strong>prid.</strong></span> <span class='ocrx_word' id='word_1_122' title='bbox 1390 2101 1538 2154; x_wconf 76' lang='lat' dir='ltr'><strong>Non.</strong></span> <span class='ocrx_word' id='word_1_123' title='bbox 1579 2099 1725 2155; x_wconf 79' lang='lat' dir='ltr'><strong>Sext.</strong></span> <span class='ocrx_word' id='word_1_124' title='bbox 1764 2118 1814 2155; x_wconf 88' lang='lat' dir='ltr'><strong>a.</strong></span> <span class='ocrx_word' id='word_1_125' title='bbox 1856 2103 1967 2154; x_wconf 77' lang='lat'><strong>’704</strong></span> <span class='ocrx_word' id='word_1_126' title='bbox 2006 2103 2147 2170; x_wconf 80' lang='lat'><em>(50).</em></span> 
     </span>
    </p>
   </div>
   <div class='ocr_carea' id='block_1_6' title="bbox 453 2221 2247 2305">
    <p class='ocr_par' dir='ltr' id='par_1_7' title="bbox 453 2221 2247 2305">
     <span class='ocr_line' id='line_1_20' title="bbox 453 2221 2247 2305; baseline 0 -27"><span class='ocrx_word' id='word_1_127' title='bbox 453 2223 544 2305; x_wconf 27' lang='grc' dir='ltr'><strong>ΟΜ.</strong></span> <span class='ocrx_word' id='word_1_128' title='bbox 585 2221 842 2278; x_wconf 85' lang='lat' dir='ltr'>CICERO</span> <span class='ocrx_word' id='word_1_129' title='bbox 884 2221 1031 2277; x_wconf 79' lang='lat' dir='ltr'>IMP.</span> <span class='ocrx_word' id='word_1_130' title='bbox 1072 2222 1123 2277; x_wconf 81' lang='lat' dir='ltr'><strong>S.</strong></span> <span class='ocrx_word' id='word_1_131' title='bbox 1161 2221 1228 2277; x_wconf 89' lang='lat' dir='ltr'><strong>D.</strong></span> <span class='ocrx_word' id='word_1_132' title='bbox 1265 2221 1343 2278; x_wconf 88' lang='lat' dir='ltr'><strong>M.</strong></span> <span class='ocrx_word' id='word_1_133' title='bbox 1384 2222 1643 2277; x_wconf 87' lang='lat' dir='ltr'>CAELIO</span> <span class='ocrx_word' id='word_1_134' title='bbox 1682 2221 1929 2278; x_wconf 90' lang='lat' dir='ltr'>AEDILI</span> <span class='ocrx_word' id='word_1_135' title='bbox 1966 2221 2247 2278; x_wconf 84' lang='lat' dir='ltr'>CURULI.</span> 
     </span>
    </p>
   </div>
   <div class='ocr_carea' id='block_1_7' title="bbox 230 2346 2459 3556">
    <p class='ocr_par' dir='ltr' id='par_1_8' title="bbox 276 2346 2459 2876">
     <span class='ocr_line' id='line_1_21' title="bbox 276 2346 2457 2434; baseline -0.002 -23"><span class='ocrx_word' id='word_1_136' title='bbox 276 2363 305 2411; x_wconf 91' lang='lat'>1</span> <span class='ocrx_word' id='word_1_137' title='bbox 475 2346 632 2413; x_wconf 84' lang='lat' dir='ltr'><strong>Non</strong></span> <span class='ocrx_word' id='word_1_138' title='bbox 686 2348 903 2433; x_wconf 85' lang='lat' dir='ltr'><strong>potuit</strong></span> <span class='ocrx_word' id='word_1_139' title='bbox 959 2347 1319 2412; x_wconf 81' lang='lat' dir='ltr'><strong>accuratius</strong></span> <span class='ocrx_word' id='word_1_140' title='bbox 1372 2348 1480 2434; x_wconf 89' lang='lat' dir='ltr'><strong>agi</strong></span> <span class='ocrx_word' id='word_1_141' title='bbox 1532 2369 1652 2412; x_wconf 91' lang='lat' dir='ltr'><strong>nec</strong></span> <span class='ocrx_word' id='word_1_142' title='bbox 1708 2347 2119 2433; x_wconf 86' lang='lat' dir='ltr'><strong>prudentius,</strong></span> <span class='ocrx_word' id='word_1_143' title='bbox 2180 2370 2375 2432; x_wconf 90' lang='lat' dir='ltr'><strong>quam</strong></span> <span class='ocrx_word' id='word_1_144' title='bbox 2402 2369 2457 2408; x_wconf 81' lang='lat'><strong>20</strong></span> 
     </span>
     <span class='ocr_line' id='line_1_22' title="bbox 346 2435 2375 2521; baseline 0 -21"><span class='ocrx_word' id='word_1_145' title='bbox 346 2440 444 2500; x_wconf 86' lang='lat' dir='ltr'><strong>est</strong></span> <span class='ocrx_word' id='word_1_146' title='bbox 487 2440 704 2500; x_wconf 85' lang='lat' dir='ltr'><strong>actum</strong></span> <span class='ocrx_word' id='word_1_147' title='bbox 749 2459 788 2500; x_wconf 90' lang='lat' dir='ltr'><strong>a</strong></span> <span class='ocrx_word' id='word_1_148' title='bbox 829 2440 896 2500; x_wconf 90' lang='lat' dir='ltr'><strong>te</strong></span> <span class='ocrx_word' id='word_1_149' title='bbox 941 2457 1087 2500; x_wconf 88' lang='lat' dir='ltr'><strong>cum</strong></span> <span class='ocrx_word' id='word_1_150' title='bbox 1133 2435 1414 2500; x_wconf 88' lang='lat' dir='ltr'><strong>Curione</strong></span> <span class='ocrx_word' id='word_1_151' title='bbox 1458 2436 1537 2500; x_wconf 88' lang='lat' dir='ltr'><strong>de</strong></span> <span class='ocrx_word' id='word_1_152' title='bbox 1582 2435 2076 2521; x_wconf 76' lang='lat' dir='ltr'><strong>supplicatione,</strong></span> <span class='ocrx_word' id='word_1_153' title='bbox 2118 2439 2189 2500; x_wconf 87' lang='lat' dir='ltr'><strong>et</strong></span> <span class='ocrx_word' id='word_1_154' title='bbox 2230 2437 2375 2502; x_wconf 86' lang='lat' dir='ltr'><strong>her-</strong></span> 
     </span>
     <span class='ocr_line' id='line_1_23' title="bbox 346 2524 2373 2612; baseline 0 -24"><span class='ocrx_word' id='word_1_155' title='bbox 346 2525 485 2588; x_wconf 91' lang='lat' dir='ltr'><strong>cule</strong></span> <span class='ocrx_word' id='word_1_156' title='bbox 531 2525 822 2590; x_wconf 86' lang='lat' dir='ltr'><strong>confecta</strong></span> <span class='ocrx_word' id='word_1_157' title='bbox 864 2546 965 2588; x_wconf 90' lang='lat' dir='ltr'><strong>res</strong></span> <span class='ocrx_word' id='word_1_158' title='bbox 1011 2547 1091 2588; x_wconf 82' lang='lat' dir='ltr'><strong>ex</strong></span> <span class='ocrx_word' id='word_1_159' title='bbox 1149 2524 1467 2588; x_wconf 88' lang='lat' dir='ltr'><strong>sententia</strong></span> <span class='ocrx_word' id='word_1_160' title='bbox 1509 2545 1653 2588; x_wconf 88' lang='lat' dir='ltr'><strong>mea</strong></span> <span class='ocrx_word' id='word_1_161' title='bbox 1696 2528 1793 2588; x_wconf 84' lang='lat' dir='ltr'><strong>est</strong></span> <span class='ocrx_word' id='word_1_162' title='bbox 1839 2545 1985 2588; x_wconf 90' lang='lat' dir='ltr'><strong>cum</strong></span> <span class='ocrx_word' id='word_1_163' title='bbox 2028 2525 2373 2612; x_wconf 85' lang='lat' dir='ltr'><strong>celeritate,</strong></span> 
     </span>
     <span class='ocr_line' id='line_1_24' title="bbox 342 2612 2374 2697; baseline 0 -21"><span class='ocrx_word' id='word_1_164' title='bbox 342 2617 485 2677; x_wconf 89' lang='lat' dir='ltr'><strong>tum</strong></span> <span class='ocrx_word' id='word_1_165' title='bbox 531 2613 706 2697; x_wconf 90' lang='lat' dir='ltr'><strong>quod</strong></span> <span class='ocrx_word' id='word_1_166' title='bbox 749 2613 822 2696; x_wconf 89' lang='lat' dir='ltr'><strong>is,</strong></span> <span class='ocrx_word' id='word_1_167' title='bbox 870 2612 980 2696; x_wconf 89' lang='lat' dir='ltr'><strong>qui</strong></span> <span class='ocrx_word' id='word_1_168' title='bbox 1025 2616 1164 2676; x_wconf 85' lang='lat' dir='ltr'><strong>erat</strong></span> <span class='ocrx_word' id='word_1_169' title='bbox 1205 2613 1428 2695; x_wconf 84' lang='lat' dir='ltr'><strong>iratus,</strong></span> <span class='ocrx_word' id='word_1_170' title='bbox 1474 2612 1859 2696; x_wconf 75' lang='lat' dir='ltr'><strong>competitor</strong></span> <span class='ocrx_word' id='word_1_171' title='bbox 1902 2616 2054 2677; x_wconf 88' lang='lat' dir='ltr'><strong>tuus</strong></span> <span class='ocrx_word' id='word_1_172' title='bbox 2098 2617 2165 2677; x_wconf 86' lang='lat' dir='ltr'><strong>et</strong></span> <span class='ocrx_word' id='word_1_173' title='bbox 2198 2613 2374 2677; x_wconf 89' lang='lat' dir='ltr'><strong>idem</strong></span> 
     </span>
     <span class='ocr_line' id='line_1_25' title="bbox 341 2699 2375 2786; baseline 0 -22"><span class='ocrx_word' id='word_1_174' title='bbox 341 2723 549 2784; x_wconf 89' lang='lat' dir='ltr'><strong>meus,</strong></span> <span class='ocrx_word' id='word_1_175' title='bbox 603 2701 908 2764; x_wconf 86' lang='lat' dir='ltr'><strong>adsensus</strong></span> <span class='ocrx_word' id='word_1_176' title='bbox 953 2705 1052 2765; x_wconf 85' lang='lat' dir='ltr'><strong>est</strong></span> <span class='ocrx_word' id='word_1_177' title='bbox 1095 2699 1185 2786; x_wconf 90' lang='lat' dir='ltr'><strong>ei,</strong></span> <span class='ocrx_word' id='word_1_178' title='bbox 1234 2701 1347 2784; x_wconf 88' lang='lat' dir='ltr'><strong>qui</strong></span> <span class='ocrx_word' id='word_1_179' title='bbox 1393 2701 1647 2764; x_wconf 84' lang='lat' dir='ltr'><strong>ornavit</strong></span> <span class='ocrx_word' id='word_1_180' title='bbox 1690 2721 1793 2764; x_wconf 90' lang='lat' dir='ltr'><strong>res</strong></span> <span class='ocrx_word' id='word_1_181' title='bbox 1836 2705 2090 2765; x_wconf 87' lang='lat' dir='ltr'><strong>nostras</strong></span> <span class='ocrx_word' id='word_1_182' title='bbox 2136 2701 2375 2765; x_wconf 80' lang='lat' dir='ltr'><strong>divinis</strong></span> 
     </span>
     <span class='ocr_line' id='line_1_26' title="bbox 342 2788 2459 2876; baseline 0 -24"><span class='ocrx_word' id='word_1_183' title='bbox 342 2790 658 2854; x_wconf 89' lang='lat' dir='ltr'><strong>laudibus.</strong></span> <span class='ocrx_word' id='word_1_184' title='bbox 753 2788 962 2866; x_wconf 83' lang='lat' dir='ltr'><strong>Quare</strong></span> <span class='ocrx_word' id='word_1_185' title='bbox 1017 2789 1178 2852; x_wconf 85' lang='lat' dir='ltr'><strong>scito</strong></span> <span class='ocrx_word' id='word_1_186' title='bbox 1223 2810 1329 2852; x_wconf 87' lang='lat' dir='ltr'><strong>me</strong></span> <span class='ocrx_word' id='word_1_187' title='bbox 1375 2809 1629 2872; x_wconf 88' lang='lat' dir='ltr'><strong>sperare</strong></span> <span class='ocrx_word' id='word_1_188' title='bbox 1674 2810 1773 2873; x_wconf 91' lang='lat' dir='ltr'><strong>ea,</strong></span> <span class='ocrx_word' id='word_1_189' title='bbox 1834 2810 1997 2873; x_wconf 89' lang='lat' dir='ltr'><strong>quae</strong></span> <span class='ocrx_word' id='word_1_190' title='bbox 2042 2793 2373 2876; x_wconf 84' lang='lat' dir='ltr'><strong>secuntur3</strong></span> <span class='ocrx_word' id='word_1_191' title='bbox 2403 2806 2459 2847; x_wconf 81' lang='lat'><strong>2⁵</strong></span> 
     </span>
    </p>

    <p class='ocr_par' dir='ltr' id='par_1_9' title="bbox 271 2874 2373 2962">
     <span class='ocr_line' id='line_1_27' title="bbox 271 2874 2373 2962; baseline 0 -22"><span class='ocrx_word' id='word_1_192' title='bbox 271 2893 303 2940; x_wconf 78' lang='lat'>2</span> <span class='ocrx_word' id='word_1_193' title='bbox 343 2877 424 2940; x_wconf 88' lang='lat' dir='ltr'><strong>ad</strong></span> <span class='ocrx_word' id='word_1_194' title='bbox 469 2899 632 2962; x_wconf 85' lang='lat' dir='ltr'><strong>quae</strong></span> <span class='ocrx_word' id='word_1_195' title='bbox 676 2880 752 2941; x_wconf 88' lang='lat' dir='ltr'><strong>tu</strong></span> <span class='ocrx_word' id='word_1_196' title='bbox 795 2881 861 2940; x_wconf 89' lang='lat' dir='ltr'><strong>te</strong></span> <span class='ocrx_word' id='word_1_197' title='bbox 904 2898 1076 2961; x_wconf 87' lang='lat' dir='ltr'><strong>para.</strong></span> <span class='ocrx_word' id='word_1_198' title='bbox 1167 2874 1573 2940; x_wconf 87' lang='lat' dir='ltr'><strong>Dolabellam</strong></span> <span class='ocrx_word' id='word_1_199' title='bbox 1611 2898 1649 2940; x_wconf 88' lang='grc'><strong>6</strong></span> <span class='ocrx_word' id='word_1_200' title='bbox 1683 2880 1749 2940; x_wconf 85' lang='lat' dir='ltr'><strong>te</strong></span> <span class='ocrx_word' id='word_1_201' title='bbox 1794 2878 2042 2962; x_wconf 88' lang='lat' dir='ltr'><strong>gaudeo</strong></span> <span class='ocrx_word' id='word_1_202' title='bbox 2087 2878 2373 2961; x_wconf 90' lang='lat' dir='ltr'><strong>primum</strong></span> 
     </span>
    </p>

    <p class='ocr_par' dir='ltr' id='par_1_10' title="bbox 230 2964 2379 3050">
     <span class='ocr_line' id='line_1_28' title="bbox 230 2964 2379 3050; baseline 0 -21"><span class='ocrx_word' id='word_1_203' title='bbox 230 3004 234 3012; x_wconf 92' lang='lat'><em>·</em></span> <span class='ocrx_word' id='word_1_204' title='bbox 340 2965 606 3049; x_wconf 87' lang='lat' dir='ltr'><strong>laudari,</strong></span> <span class='ocrx_word' id='word_1_205' title='bbox 654 2964 881 3029; x_wconf 91' lang='lat' dir='ltr'><strong>deinde</strong></span> <span class='ocrx_word' id='word_1_206' title='bbox 926 2965 1123 3028; x_wconf 88' lang='lat' dir='ltr'><strong>etiam</strong></span> <span class='ocrx_word' id='word_1_207' title='bbox 1167 2965 1402 3049; x_wconf 70' lang='lat' dir='ltr'><strong>amarir,</strong></span> <span class='ocrx_word' id='word_1_208' title='bbox 1446 2985 1598 3028; x_wconf 90' lang='lat' dir='ltr'><strong>nam</strong></span> <span class='ocrx_word' id='word_1_209' title='bbox 1634 2985 1726 3049; x_wconf 77' lang='lat' dir='ltr'><strong>ea,</strong></span> <span class='ocrx_word' id='word_1_210' title='bbox 1772 2985 1935 3048; x_wconf 83' lang='lat' dir='ltr'><strong>quae</strong></span> <span class='ocrx_word' id='word_1_211' title='bbox 1972 2985 2188 3050; x_wconf 87' lang='lat' dir='ltr'><strong>speras</strong></span> <span class='ocrx_word' id='word_1_212' title='bbox 2222 2965 2379 3029; x_wconf 82' lang='lat' dir='ltr'><strong>Tul-</strong></span> 
     </span>
    </p>

    <p class='ocr_par' dir='ltr' id='par_1_11' title="bbox 341 3052 2373 3137">
     <span class='ocr_line' id='line_1_29' title="bbox 341 3052 2373 3137; baseline 0.001 -22"><span class='ocrx_word' id='word_1_213' title='bbox 341 3053 466 3117; x_wconf 87' lang='lat' dir='ltr'><strong>liae</strong></span> <span class='ocrx_word' id='word_1_214' title='bbox 524 3075 703 3118; x_wconf 90' lang='lat' dir='ltr'><strong>meae</strong></span> <span class='ocrx_word' id='word_1_215' title='bbox 760 3052 1104 3137; x_wconf 88' lang='lat' dir='ltr'><strong>prudentia</strong></span> <span class='ocrx_word' id='word_1_216' title='bbox 1166 3053 1512 3136; x_wconf 87' lang='lat' dir='ltr'><strong>temperari</strong></span> <span class='ocrx_word' id='word_1_217' title='bbox 1575 3074 1793 3136; x_wconf 90' lang='lat' dir='ltr'><strong>posse,</strong></span> <span class='ocrx_word' id='word_1_218' title='bbox 1859 3054 1990 3117; x_wconf 89' lang='lat' dir='ltr'><strong>scio</strong></span> <span class='ocrx_word' id='word_1_219' title='bbox 2056 3053 2158 3117; x_wconf 90' lang='grc'>6111</span> <span class='ocrx_word' id='word_1_220' title='bbox 2222 3057 2373 3118; x_wconf 88' lang='lat' dir='ltr'><strong>tuae</strong></span> 
     </span>
    </p>

    <p class='ocr_par' dir='ltr' id='par_1_12' title="bbox 335 3138 2455 3556">
     <span class='ocr_line' id='line_1_30' title="bbox 341 3138 2373 3228; baseline 0 -24"><span class='ocrx_word' id='word_1_221' title='bbox 341 3141 649 3224; x_wconf 86' lang='lat' dir='ltr'><strong>epistolae</strong></span> <span class='ocrx_word' id='word_1_222' title='bbox 685 3141 1127 3225; x_wconf 88' lang='lat' dir='ltr'><strong>respondeant.</strong></span> <span class='ocrx_word' id='word_1_223' title='bbox 1203 3138 1389 3225; x_wconf 83' lang='lat' dir='ltr'><strong>Quid,</strong></span> <span class='ocrx_word' id='word_1_224' title='bbox 1436 3141 1490 3204; x_wconf 88' lang='lat' dir='ltr'><strong>si</strong></span> <span class='ocrx_word' id='word_1_225' title='bbox 1530 3163 1741 3205; x_wconf 90' lang='lat' dir='ltr'><strong>meam</strong></span> <span class='ocrx_word' id='word_1_226' title='bbox 1777 3142 1970 3227; x_wconf 86' lang='lat' dir='ltr'><strong>legas,</strong></span> <span class='ocrx_word' id='word_1_227' title='bbox 2020 3163 2213 3224; x_wconf 90' lang='lat' dir='ltr'><strong>quam</strong></span> <span class='ocrx_word' id='word_1_228' title='bbox 2250 3163 2373 3228; x_wconf 88' lang='lat' dir='ltr'><strong>ego</strong></span> 
     </span>
     <span class='ocr_line' id='line_1_31' title="bbox 337 3227 2455 3316; baseline 0.001 -26"><span class='ocrx_word' id='word_1_229' title='bbox 337 3230 480 3291; x_wconf 93' lang='lat' dir='ltr'><strong>tum</strong></span> <span class='ocrx_word' id='word_1_230' title='bbox 526 3250 606 3292; x_wconf 83' lang='lat' dir='ltr'><strong>ex</strong></span> <span class='ocrx_word' id='word_1_231' title='bbox 649 3228 780 3292; x_wconf 83' lang='lat' dir='ltr'><strong>tuis</strong></span> <span class='ocrx_word' id='word_1_232' title='bbox 825 3229 1063 3292; x_wconf 86' lang='lat' dir='ltr'><strong>litteris</strong></span> <span class='ocrx_word' id='word_1_233' title='bbox 1098 3227 1248 3291; x_wconf 90' lang='lat' dir='ltr'><strong>misi</strong></span> <span class='ocrx_word' id='word_1_234' title='bbox 1286 3228 1370 3291; x_wconf 87' lang='lat' dir='ltr'><strong>ad</strong></span> <span class='ocrx_word' id='word_1_235' title='bbox 1402 3227 1738 3312; x_wconf 80' lang='lat' dir='ltr'><strong>Appium?</strong></span> <span class='ocrx_word' id='word_1_236' title='bbox 1799 3227 1927 3292; x_wconf 88' lang='lat' dir='ltr'><strong>Sed</strong></span> <span class='ocrx_word' id='word_1_237' title='bbox 1972 3229 2129 3312; x_wconf 86' lang='lat' dir='ltr'><strong>quid</strong></span> <span class='ocrx_word' id='word_1_238' title='bbox 2172 3230 2371 3316; x_wconf 79' lang='lat' dir='ltr'><strong>agas?</strong></span> <span class='ocrx_word' id='word_1_239' title='bbox 2399 3246 2455 3286; x_wconf 78' lang='lat'><strong>⁸⁰</strong></span> 
     </span>
     <span class='ocr_line' id='line_1_32' title="bbox 339 3315 2373 3402; baseline 0.002 -24"><span class='ocrx_word' id='word_1_240' title='bbox 339 3315 432 3378; x_wconf 87' lang='lat' dir='ltr'><strong>sic</strong></span> <span class='ocrx_word' id='word_1_241' title='bbox 492 3316 750 3380; x_wconf 83' lang='lat' dir='ltr'><strong>vivitur.</strong></span> <span class='ocrx_word' id='word_1_242' title='bbox 841 3316 1031 3392; x_wconf 83' lang='lat' dir='ltr'><strong>Quod</strong></span> <span class='ocrx_word' id='word_1_243' title='bbox 1092 3319 1307 3379; x_wconf 89' lang='lat' dir='ltr'><strong>actum</strong></span> <span class='ocrx_word' id='word_1_244' title='bbox 1372 3319 1468 3379; x_wconf 87' lang='lat' dir='ltr'><strong>est</strong></span> <span class='ocrx_word' id='word_1_245' title='bbox 1480 3368 1499 3401; x_wconf 93' lang='lat'><strong>,</strong></span> <span class='ocrx_word' id='word_1_246' title='bbox 1573 3316 1638 3379; x_wconf 94' lang='lat' dir='ltr'><strong>di</strong></span> <span class='ocrx_word' id='word_1_247' title='bbox 1702 3316 2076 3401; x_wconf 87' lang='lat' dir='ltr'><strong>adprobent.</strong></span> <span class='ocrx_word' id='word_1_248' title='bbox 2170 3316 2373 3402; x_wconf 83' lang='lat' dir='ltr'><strong>Spero</strong></span> 
     </span>
     <span class='ocr_line' id='line_1_33' title="bbox 336 3403 2377 3490; baseline 0.002 -25"><span class='ocrx_word' id='word_1_249' title='bbox 336 3403 476 3466; x_wconf 88' lang='lat' dir='ltr'><strong>fore</strong></span> <span class='ocrx_word' id='word_1_250' title='bbox 531 3403 882 3468; x_wconf 91' lang='lat' dir='ltr'><strong>iucundum</strong></span> <span class='ocrx_word' id='word_1_251' title='bbox 927 3426 1236 3490; x_wconf 87' lang='lat' dir='ltr'><strong>generum</strong></span> <span class='ocrx_word' id='word_1_252' title='bbox 1292 3403 1509 3489; x_wconf 90' lang='lat' dir='ltr'><strong>nobis,</strong></span> <span class='ocrx_word' id='word_1_253' title='bbox 1563 3405 1970 3489; x_wconf 87' lang='lat' dir='ltr'><strong>multumque</strong></span> <span class='ocrx_word' id='word_1_254' title='bbox 2025 3405 2095 3469; x_wconf 93' lang='lat' dir='ltr'><strong>in</strong></span> <span class='ocrx_word' id='word_1_255' title='bbox 2139 3427 2215 3470; x_wconf 90' lang='grc' dir='ltr'><strong>6ο</strong></span> <span class='ocrx_word' id='word_1_256' title='bbox 2260 3409 2377 3470; x_wconf 89' lang='lat' dir='ltr'><strong>tua</strong></span> 
     </span>
     <span class='ocr_line' id='line_1_34' title="bbox 335 3490 1261 3556; baseline 0 -3"><span class='ocrx_word' id='word_1_257' title='bbox 335 3510 456 3555; x_wconf 89' lang='lat' dir='ltr'><strong>nos</strong></span> <span class='ocrx_word' id='word_1_258' title='bbox 498 3490 868 3555; x_wconf 88' lang='lat' dir='ltr'><strong>humanitas</strong></span> <span class='ocrx_word' id='word_1_259' title='bbox 915 3491 1261 3556; x_wconf 85' lang='lat' dir='ltr'><strong>adiuvabit.</strong></span> 
     </span>
    </p>
   </div>
  </div>
 </body>
</html>
