2567 3884
289 222 420 284 140
1025 220 1545 275 EPISTULARUM

282 363 447 449 gati,
509 385 628 426 nec
679 365 897 427 tamen
949 361 1006 425 is
1060 362 1222 446 ipse,
1288 385 1326 425 a
1381 383 1509 445 quo
1564 361 1735 425 salus
1788 360 2058 444 petitur,
2116 360 2325 425 habet

283 452 665 535 explicatam
702 454 814 514 aut
851 450 1249 533 exploratam
1295 450 1613 514 rationem
1659 449 1885 512 salutis
1920 470 2095 534 suae3
2143 470 2323 513 cum-

284 561 408 622 que
468 539 756 602 omnium
815 538 1134 602 bellorum
1194 538 1406 601 exitus
1465 538 1697 601 incerti
1754 537 1911 621 sint,
1971 537 2052 601 ab
2113 538 2323 601 altera

283 627 554 691 victoria
610 626 736 691 tibi
793 626 1151 710 periculum
1214 626 1467 689 nullum
1526 647 1662 689 esse
1723 625 2075 709 perspicio,
2140 626 2323 709 quod

285 715 544 798 quidem
587 715 943 780 seiunctum
989 714 1074 778 sit
1111 714 1192 777 ab
1232 714 1522 778 omnium
1559 713 1845 798 interitU,
1891 714 1972 777 ab
2012 714 2213 777 altera
2246 717 2319 777 te
2384 731 2415 771 5

282 803 495 888 ipsum
539 824 892 887 numquam
936 802 1228 866 timuisse
1275 806 1449 865 certo
1497 802 1646 865 scio

415 890 766 975 Reliquum
810 894 923 975 est,
970 893 1042 955 ut
1087 894 1153 954 te
1189 889 1312 954 id
1294 912 1523 974 ipsum,
1571 888 1745 974 quod
1790 910 1909 975 ego
1949 888 2132 972 quasi
2168 910 2321 952 con-

284 980 618 1043 solationis
662 979 805 1043 loco
852 1000 1052 1063 pono,
1109 978 1389 1042 maxime
1435 978 1780 1062 excruciet,
1828 998 2164 1041 commune
2209 998 2321 1060 pe-

283 1067 558 1130 riculum
595 1067 690 1130 rei
723 1066 1037 1150 publicae.
1131 1065 1329 1130 Cuius
1370 1066 1537 1130 tanti
1580 1066 1755 1150 mali,
1802 1065 2093 1148 quamvis
2141 1064 2321 1128 docti

281 1155 408 1219 viri
461 1155 668 1218 multa
727 1154 967 1238 dicant,
1021 1158 1239 1217 tamen
1298 1175 1523 1218 vereor
1583 1175 1679 1217 ne.
1725 1153 2077 1217 consolatio
2136 1153 2321 1216 nulla
2349 1174 2412 1213 ιο

281 1242 488 1326 possit
524 1264 676 1307 vera
712 1242 978 1325 reperiri
1014 1246 1268 1325 praeter
1305 1242 1503 1327 illam,
1541 1264 1703 1326 quae
1739 1245 1921 1305 tanta
1957 1244 2071 1325 est,
2118 1263 2320 1324 quan-

283 1336 426 1394 tum
479 1330 549 1393 in
605 1330 911 1413 cuiusque
966 1330 1179 1394 animo
1239 1330 1495 1394 roboris
1550 1334 1647 1393 est
1704 1333 1897 1413 atque
1951 1350 2319 1393 nervorum.

287 1416 356 1482 Si
403 1418 576 1481 enim
619 1418 783 1481 bene
830 1418 1065 1482 sentire
1113 1422 1410 1501 recteque
1454 1419 1661 1482 facere
1708 1418 1865 1481 satis
1903 1421 1998 1481 est
2035 1417 2117 1480 ad
2152 1417 2320 1481 bene

283 1506 597 1590 beateque
633 1506 996 1591 vivendum,
1041 1528 1283 1590 vereor,
1330 1528 1411 1571 ne
1456 1528 1621 1590 eum,
1666 1506 1779 1589 qui
1815 1527 1883 1569 se
1921 1506 2320 1589 optimorum

287 1594 702 1658 consiliorum
741 1594 1130 1658 conscientia
1174 1597 1532 1657 sustentare
1567 1594 1791 1679 possit,
1836 1594 2143 1658 miserum
2179 1615 2320 1657 esse
2350 1612 2406 1652 15

285 1682 465 1745 nefas
502 1682 588 1745 sit
627 1683 849 1746 dicere.
931 1681 1071 1747 Nec
1105 1682 1277 1746 enim
1314 1704 1433 1746 nos
1470 1682 1752 1746 arbitror
1787 1681 2094 1746 victoriae
2139 1704 2321 1765 prae-

285 1770 435 1834 miis
482 1770 706 1835 ductos
760 1770 1037 1854 patriam
1093 1770 1250 1833 olim
1307 1774 1372 1834 et
1430 1770 1671 1834 liberos
1717 1773 1781 1833 et
1835 1770 2127 1833 fortunas
2172 1770 2321 1833 reli-

287 1859 527 1943 quisse3
587 1860 699 1922 sed
753 1858 1074 1943 quoddam
1129 1858 1319 1922 nobis
1374 1858 1663 1922 officium
1721 1858 1965 1921 iustum
2018 1861 2084 1921 et
2133 1857 2320 1942 pium

286 1949 352 2010 et
398 1946 688 2011 debitum
743 1948 838 2012 rei
889 1970 951 2030 p.
996 1950 1380 2029 nostraeque
1438 1945 1741 2031 dignitati
1794 1945 2172 2010 videbamur
2226 1967 2322 2009 se-

287 2035 399 2118 qui
443 2056 586 2119 nec,
642 2056 787 2099 cum
833 2034 903 2098 id
945 2034 1365 2118 faciebamus,
1411 2038 1544 2097 tam
1590 2056 1843 2098 eramus
1886 2036 2198 2117 amenteS,
2244 2037 2320 2097 ut
2350 2053 2405 2092 20

287 2123 619 2207 explorata
679 2123 870 2187 nobis
933 2126 1101 2187 esset
1162 2122 1450 2187 victoria.
1544 2120 1779 2206 Quare,
1843 2121 1899 2186 si
1958 2121 2028 2185 id
2085 2122 2319 2206 evenit,

287 2212 461 2294 quod
514 2210 1026 2297 ingredientibus
1080 2210 1271 2275 nobis
1317 2210 1386 2274 in
1443 2232 1697 2274 causam
1740 2210 2146 2294 propositum
2191 2210 2320 2273 fuit

287 2298 570 2363 accidere
614 2320 828 2383 posse,
883 2320 1015 2363 non
1063 2299 1368 2363 debemus
1412 2298 1505 2362 ita
1551 2298 1774 2363 cadere
1820 2320 2051 2362 an1m1s
2060 2349 2077 2381 ,
2134 2298 2320 2381 quasi

287 2386 533 2470 aliquid
568 2387 869 2471 evenerit,
915 2388 1089 2471 quod
1132 2388 1274 2451 fieri
1319 2408 1507 2470 posse
1542 2408 1894 2471 numquam
1938 2386 2317 2469 putarimus.

288 2473 502 2539 Simus
561 2474 764 2561 igitur
820 2497 894 2539 ea
945 2479 1191 2560 mente,
1252 2497 1446 2559 quam
1500 2475 1665 2539 ratio
1728 2478 1792 2538 et
1845 2474 2082 2539 veritas
2137 2494 2319 2558 prae·
2349 2493 2402 2533 25

286 2563 528 2647 scribit,
576 2567 648 2626 ut
692 2563 859 2627 nihil
903 2564 972 2627 in
1008 2564 1143 2629 vita
1177 2563 1369 2627 nobis
1407 2563 1863 2648 praestandum
1897 2566 2153 2647 praeter
2189 2563 2321 2626 cul-

284 2674 434 2735 pam
491 2654 793 2734 putemus
799 2702 817 2736 ,
883 2674 1083 2736 eaque
1139 2672 1286 2715 cum
1347 2672 1698 2736 careamus,
1764 2652 1981 2715 omnia
2036 2650 2322 2714 humana

282 2740 531 2824 placate
577 2743 643 2803 et
685 2740 1014 2805 moderate
1059 2740 1357 2803 feramus.
1448 2738 1666 2823 Atque
1711 2739 1869 2803 haec
1914 2760 1990 2803 eo
2035 2739 2320 2822 pertinet

286 2828 524 2913 orati0,
576 2831 650 2893 ut
701 2828 972 2912 perditis
1026 2828 1220 2891 rebus
1280 2828 1581 2892 omnibus
1638 2831 1857 2891 tamen
1915 2828 2055 2911 ipsa
2108 2827 2319 2891 virtus

285 2937 353 2979 se
407 2918 766 2979 sustentare
817 2937 1006 2999 posse
1050 2915 1362 2979 videatur.
1454 2914 1605 3000 Sed,
1666 2916 1722 2979 si
1767 2919 1865 2979 est
1910 2936 2055 2999 spes
2100 2916 2320 2999 aliqua
2347 2934 2399 2973 30

283 3004 476 3068 rebus
513 3003 978 3089 communibuS,
1016 3025 1090 3067 ea
1124 3007 1216 3089 tu,
1254 3004 1641 3088 quicumque
1675 3007 1881 3067 status
1909 3006 2006 3067 est
2041 3004 2319 3088 futurae,

285 3113 497 3155 carere
541 3113 676 3156 non
721 3092 930 3155 debes.

415 3178 632 3263 Atque
677 3179 835 3243 haec
877 3178 1042 3243 mihi
1087 3179 1396 3244 scribenti
1431 3180 1731 3244 veniebat
1771 3180 1840 3243 in
1884 3183 2166 3249 mentem
2213 3201 2319 3243 me

284 3288 419 3331 esse
458 3289 622 3352 eum,
669 3268 850 3331 cuius
887 3272 961 3332 tu
1000 3268 1509 3351 desperationem
1547 3288 1841 3332 accusare
1878 3267 2107 3331 solitus
2146 3288 2317 3331 esses

284 3376 603 3439 quemque
649 3356 1032 3420 auctoritate
1076 3358 1191 3419 tua
1228 3359 1635 3419 cunctantem
1672 3359 1737 3419 et
1775 3356 2174 3419 diffidentem
2212 3377 2318 3419 ex·
2346 3372 2399 3413 35

284 3443 496 3505 citare.
591 3441 731 3519 Quo
771 3443 1032 3527 quidem
1066 3447 1357 3526 tempore
1391 3465 1525 3507 non
1560 3465 1681 3530 ego
1720 3465 1975 3508 causam
1999 3447 2317 3545 nostram,

283 3530 397 3594 sed
441 3530 783 3594 consilium
837 3531 1303 3615 improbabam.
1396 3530 1554 3596 Sero
1610 3532 1783 3596 enim
1828 3554 1947 3596 nos
1992 3532 2073 3596 iis
2119 3532 2317 3597 armis
