2567 3884
305 183 438 248 370
1057 183 1575 238 EPISTULARUM

301 326 762 392 Volaterranos
800 328 1100 391 omnibus
1136 327 1331 391 rebus
1367 327 1657 413 integros
1694 326 2167 410 incolumisque
2206 349 2345 392 esse

301 416 598 480 volueris.
690 416 936 480 Eorum
991 438 1112 502 ego
1163 415 1515 500 domicilia,
1563 414 1769 499 sedes,
1816 436 1978 499 rem,
2026 416 2343 500 fortunaS,

302 526 465 587 quae
520 508 585 568 et
639 527 676 568 a
732 505 829 567 dis
887 504 1368 568 immortalibus
1426 507 1493 567 et
1547 525 1585 566 a
1641 503 2217 587 praestantissimis
2273 504 2342 567 in

300 596 524 657 nostra
567 614 636 656 re
682 616 741 676 p.
791 592 1040 656 civibus
1085 613 1339 656 summo
1388 595 1646 655 senatus
1690 591 2045 675 populique
2082 590 2161 655 R.
2212 595 2342 656 stu-

303 680 409 744 dio
467 685 874 745 conservatae
929 683 1105 764 sunt,
1159 684 1310 744 tuae
1355 679 1533 764 fidei,
1587 679 1873 742 iustitiae
1927 679 2340 764 bonitatique
2398 697 2425 738 5

230 786 265 834 4
302 769 696 833 commendo.
788 767 858 832 Si
916 789 1036 851 pro
1091 768 1252 832 meis
1315 767 1609 851 pristinis
1665 767 1897 850 opibus
1961 767 2340 832 facultatem

300 858 464 920 mihi
511 879 611 920 res
654 856 780 920 hoc
832 861 1123 939 tempore
1170 856 1376 939 daret,
1436 859 1509 919 ut
1555 855 1649 918 ita
1695 855 2033 919 defendere
2079 877 2339 938 possem

299 943 786 1028 Volaterranos,
850 966 1040 1028 quem
1096 944 1179 1006 ad
1233 944 1502 1007 modum
1556 943 1858 1007 consuevi
1913 944 2085 1006 tueri
2139 965 2340 1029 meos,

298 1034 553 1097 nullum
591 1033 895 1116 officium,
939 1032 1193 1096 nullum
1231 1031 1505 1115 denique
1542 1035 1881 1115 certamen,
1927 1030 1996 1094 in
2035 1053 2167 1114 quo
2206 1032 2339 1095 illis

297 1121 600 1204 prodesse
644 1142 916 1204 possem,
961 1120 1570 1205 praetermitterem3
1626 1118 1763 1202 sed,
1810 1119 2117 1203 quoniam
2166 1121 2339 1204 apud
2364 1140 2416 1178 10

298 1213 363 1272 te
408 1209 616 1273 nihilo
661 1209 874 1272 minus
919 1209 1044 1272 hoc
1086 1211 1378 1291 tempore
1414 1207 1626 1271 valere
1670 1228 1774 1271 me
1822 1207 2093 1291 confido,
2141 1229 2340 1291 quam

297 1296 611 1360 valuerim
666 1317 917 1380 semper
970 1296 1142 1380 apud
1188 1317 1436 1380 omnes,
1488 1317 1609 1380 pro
1664 1299 1887 1359 nostra
1932 1317 2187 1358 summa
2233 1319 2340 1360 ne-

298 1384 681 1448 cessitudine
740 1384 1008 1467 parique
1071 1385 1242 1449 inter
1299 1404 1418 1447 nos
1478 1387 1545 1447 et
1604 1387 1833 1447 mutua
1895 1383 2341 1448 benivolentia

297 1494 411 1556 aps
455 1476 522 1536 te
565 1475 736 1556 peto,
781 1475 855 1534 ut
898 1473 993 1535 ita
1039 1472 1117 1535 de
1157 1470 1603 1536 Volaterranis
1645 1492 1950 1555 mereare,
1996 1475 2070 1534 ut
2118 1473 2341 1536 existi-

295 1564 476 1624 ment
531 1581 677 1623 eum
732 1560 914 1644 quasi
971 1560 1188 1624 divino
1246 1559 1516 1624 consilio
1576 1559 1686 1623 isti
1740 1560 2006 1645 negotio
2066 1582 2339 1645 praepo·
2367 1576 2413 1616 1⁵

297 1649 492 1712 situm
540 1669 701 1732 esse,
749 1648 920 1731 apud
965 1669 1157 1731 quem
1202 1669 1405 1711 unum
1450 1668 1569 1711 nos
1615 1661 1839 1712 eorum
1883 1649 2185 1731 perpetui
2235 1649 2338 1712 de-

294 1737 580 1801 fensores
624 1737 977 1821 plurimum
1023 1736 1234 1800 valere
1280 1757 1630 1819 possemus,

1271 1963 1353 2029 V.

543 2085 657 2141 Ser.
697 2086 906 2140 Romae
939 2101 1054 2139 ‘non
1088 2091 1216 2140 ante
1251 2086 1386 2140 med.
1425 2101 1495 2141 m.
1538 2084 1653 2140 Oct.
1690 2103 1743 2139 a.
1784 2089 1896 2140 709
1934 2086 2075 2152 (45).

610 2206 864 2262 CICERO
905 2206 957 2261 S.
995 2205 1062 2262 D.
1102 2206 1165 2272 Q.
1204 2206 1525 2261 VALERIO
1563 2205 1721 2261 LEG.
1758 2205 2015 2261 PROPR.
2365 2229 2415 2267 20

225 2367 254 2416 1
425 2348 578 2414 Non
631 2351 901 2414 moleste
955 2351 1092 2414 fero
1150 2373 1291 2414 eam
1336 2349 1902 2434 necessitudinem,
1958 2370 2122 2433 quae
2170 2349 2335 2414 mihi

292 2442 506 2502 tecum
552 2441 665 2521 est,
710 2441 931 2502 notam
977 2460 1112 2502 esse
1151 2461 1347 2522 quam
1391 2438 1691 2522 plurimis
1735 2459 1945 2521 neque
1989 2441 2211 2501 tamen
2251 2438 2334 2502 ob

294 2548 436 2590 eam
481 2547 736 2590 causam
783 2523 988 2612 (quod
1032 2530 1107 2591 tu
1146 2527 1389 2611 optime
1427 2526 1796 2590 existimare
1840 2523 2056 2612 potes)
2103 2529 2169 2589 te
2218 2526 2335 2590 im-

290 2614 501 2699 pedio,
548 2635 675 2697 quo
720 2614 934 2678 minus
980 2619 1349 2699 susceptum
1394 2614 1731 2700 negotium
1774 2635 1898 2698 pro
1943 2617 2059 2677 tua
2102 2614 2234 2678 fide
2273 2617 2335 2678 et

295 2702 631 2788 diligentia
676 2724 755 2765 ex
789 2701 1121 2766 voluntate
1161 2701 1465 2787 Caesaris,
1516 2702 1628 2786 qui
1672 2701 1800 2766 tibi
1845 2723 1983 2766 rem
2029 2723 2334 2788 magnam
2362 2717 2412 2759 25

295 2790 750 2873 difficilemque
797 2790 1136 2876 commisit,
1183 2812 1406 2876 gerere
1450 2791 1676 2875 possis.
1722 2788 1912 2875 Nam,
1959 2811 2106 2853 cum
2141 2790 2337 2854 multi

293 2901 332 2942 a
385 2901 489 2942 me
542 2881 765 2962 petant
819 2878 1051 2962 multa,
1113 2879 1289 2962 quod
1343 2879 1419 2942 de
1473 2883 1587 2942 tua
1642 2899 1797 2964 erga
1849 2899 1953 2941 me
1999 2878 2338 2942 voluntate

293 2987 424 3030 non
463 2966 778 3050 dubitent,
823 2986 955 3029 non
993 2967 1347 3051 committo,
1394 2970 1468 3029 ut
1506 2966 1862 3030 ambitione
1897 2987 2042 3030 mea
2079 2970 2337 3030 contur-

295 3055 446 3118 bem
494 3053 783 3118 officium
827 3057 1030 3117 tuum.

226 3158 258 3206 2
435 3141 502 3206 C.
543 3141 768 3206 Curtio
799 3141 880 3204 ab
907 3141 1170 3206 ineunte
1207 3145 1415 3206 aetate
1443 3142 1943 3207 familiarissime
1980 3163 2124 3205 sum
2163 3163 2334 3206 usus.
2363 3159 2415 3198 ³⁰

295 3229 458 3293 Eius
505 3234 570 3293 et
617 3228 866 3294 Sullani
908 3230 1221 3314 temporis
1276 3230 1701 3294 iniustissima
1746 3230 2110 3295 calamitate
2157 3229 2337 3294 dolui

299 3320 381 3401 et,
429 3338 574 3380 cum
620 3317 728 3401 iis,
785 3317 898 3400 qui
953 3317 1229 3381 similem
1283 3318 1590 3382 iniuriam
1645 3323 2036 3403 acceperant,
2084 3317 2338 3382 amissis

298 3404 598 3467 omnibus
652 3404 932 3468 fortunis
985 3404 1230 3468 reditus
1283 3409 1501 3470 tamen
1556 3406 1625 3470 in
1678 3406 1957 3491 patriam
2000 3406 2338 3471 voluntate

301 3491 590 3554 omnium
650 3491 912 3555 concedi
971 3493 1326 3578 videretur,
1388 3493 1645 3559 adiutor
1702 3495 2167 3561 incolumitatis
2223 3493 2339 3560 fui.
