2567 3884
301 195 432 258 216
925 277 929 282 Ι
1051 193 1564 248 EPISTULARUM

303 335 698 422 Cornelium,
753 340 817 400 et
871 337 1002 401 scio
1059 359 1205 402 eum
1259 340 1556 420 questum
1611 357 1747 400 esse
1803 357 1948 399 cum
2004 335 2327 421 Scipione.

303 424 586 489 Calidius
630 426 699 489 in
746 425 1114 512 defensione
1156 447 1269 490 sua
1323 426 1449 489 fuit
1496 425 1975 510 disertissimae,
2030 425 2099 488 in
2142 445 2329 488 accu-

301 514 546 578 satione
592 513 746 578 satis
792 513 1084 600 frigidus,

1271 740 1349 805 X.

569 861 682 917 Ser.
722 861 928 917 Romae
966 862 1173 915 XIIII
1201 861 1276 916 K.
1315 862 1632 917 'Decembres
1666 879 1719 916 a.
1758 865 1869 916 703
1907 865 2048 930 (51).

933 982 1233 1038 CAELms
1270 969 1611 1039 omnnem
1648 984 1699 1039 s

2380 879 2408 921 ΘΙ

438 1127 603 1193 Sane
641 1149 834 1211 quam
868 1126 1104 1192 litteris
1143 1126 1210 1191 C.
1242 1126 1420 1191 Cassi
1466 1131 1529 1192 et
1564 1127 1857 1192 Deiotari
1901 1149 2119 1192 sumus
2156 1150 2324 1192 com-

304 1217 498 1301 moti3
554 1238 706 1279 nam
767 1214 1020 1280 Cassius
1079 1216 1168 1279 cis
1227 1215 1605 1300 Euphraten
1662 1216 1877 1301 copias
1934 1216 2322 1280 Parthorum

307 1327 441 1369 esse
485 1304 768 1388 scripsit,
825 1303 1168 1368 Deiotarus
1211 1305 1531 1388 profectas
1574 1326 1693 1388 per
1738 1302 2211 1391 Commagenen
2254 1305 2321 1369 in

305 1392 702 1477 provinciam
736 1396 1037 1457 nostram.
1128 1391 1272 1478 Ego
1310 1392 1569 1477 quidem
1610 1393 2025 1477 praecipuum
2053 1397 2321 1477 met-um,
2347 1411 2400 1450 10

308 1481 481 1565 quod
517 1480 598 1544 ad
632 1484 696 1544 te
735 1480 1066 1564 attinebat,
1111 1480 1328 1565 habui,
1374 1481 1486 1564 qui
1531 1481 1777 1565 scirem,
1826 1503 2019 1565 quam
2062 1485 2321 1565 paratus

309 1569 389 1633 ab
436 1569 719 1632 exercitu
765 1590 950 1653 esses,
993 1591 1073 1633 ne
1120 1569 1295 1653 quod
1336 1569 1445 1632 hic
1487 1570 1803 1633 tumultus
1840 1570 2143 1656 dignitati
2176 1573 2323 1633 tuae

307 1657 665 1741 periculum
711 1657 1014 1742 adferret3
1066 1679 1216 1721 nam
1264 1656 1341 1720 de
1385 1658 1546 1742 vita,
1592 1658 1649 1722 si
1691 1659 1977 1742 paratior
2022 1657 2103 1722 ab
2150 1680 2323 1722 exer—

310 1745 441 1809 citu
497 1767 662 1809 esses
669 1796 688 1830 ,
745 1745 1134 1830 timuissem3
1191 1766 1363 1808 nunc
1414 1745 1573 1809 haec
1625 1746 1943 1832 exiguitas
1996 1746 2323 1830 copiarum

309 1855 650 1918 recessum,
703 1854 834 1897 non
889 1833 1365 1897 dimicationem
1418 1833 1581 1898 mihi
1633 1837 1812 1897 tuam
1864 1834 2319 1920 praesagiebat.
2348 1850 2400 1891 15

309 1920 452 1986 Hoc
505 1943 634 2006 quo
687 1921 880 1985 modo
935 1922 1295 2005 acciperent
1346 1921 1665 2006 homines,
1725 1944 1917 2005 quam
1968 1922 2323 2007 probabilis

230 2090 235 2095 ἱ
307 2011 648 2074 necessitas
693 2010 913 2073 futura
956 2013 1137 2094 esset,
1181 2031 1408 2074 vereor
1452 2008 1646 2074 etiam
1690 2032 1861 2073 nunc
1894 2032 2101 2094 neque
2144 2011 2323 2094 prius

311 2098 594 2162 desinam
639 2097 1010 2182 formidare,
1067 2119 1258 2182 quam
1302 2098 1592 2184 tetigisse
1636 2101 1701 2162 te
1744 2096 1999 2181 Italiam
2045 2099 2322 2163 audier0.

313 2185 439 2250 Sed
483 2187 560 2250 de
596 2184 984 2250 Parthorum
1028 2185 1305 2250 transitu
1348 2187 1563 2249 nuntii
1598 2186 1809 2250 varios
1854 2208 2177 2251 sermones
2222 2209 2324 2250 ex·-

311 2274 616 2360 citarunt3
675 2274 838 2338 alius
893 2273 1063 2338 enim
1116 2273 1496 2357 Pompeium
1554 2275 1966 2359 mittendum,
2026 2275 2189 2338 alius
2243 2274 2323 2339 ab
2350 2295 2403 2334 20

309 2362 468 2426 urbe
502 2361 883 2446 Pompeium
917 2384 1048 2426 non
1083 2363 1556 2446 removendum,
1602 2362 1765 2426 alius
1812 2361 2143 2427 Caesarem
2182 2384 2325 2426 cum

311 2471 426 2514 suo
481 2450 791 2535 exercitu,
846 2450 1008 2514 alius
1063 2451 1379 2535 consuleS,
1432 2472 1623 2515 nemo
1676 2453 1891 2514 tamen
1936 2473 2017 2515 ex
2070 2455 2325 2515 senatus

311 2537 602 2602 consulto
647 2537 950 2621 privatos.
1043 2536 1349 2602 Consules
1396 2543 1639 2623 autem,
1688 2539 1839 2622 quia
1882 2543 2201 2623 verentur,
2245 2561 2325 2603 ne

311 2626 473 2690 illud
535 2629 791 2690 senatus
854 2627 1217 2690 consultum
1278 2627 1423 2710 fiat,
1486 2630 1560 2690 ut
1611 2627 1901 2710 paludati
1946 2631 2198 2712 exeant,
2264 2631 2326 2691 et

311 2713 767 2780 contumeliose
802 2719 1056 2799 praeter
1090 2736 1198 2778 eos
1235 2715 1318 2778 ad
1343 2677 1540 2778 alium
1577 2737 1677 2779 res
1712 2716 2151 2800 transferatur,
2198 2737 2325 2779 o-1n
2351 2734 2405 2775 25

308 2803 462 2866 nino
509 2807 800 2867 senatum
843 2802 1069 2866 haberi
1111 2802 1368 2886 nolunt,
1428 2824 1628 2887 usque
1674 2825 1750 2868 eo
1795 2807 1870 2867 ut
1912 2826 2142 2888 parum
2188 2804 2325 2867 dili-

309 2895 531 2978 gentes
604 2891 671 2953 in
744 2911 813 2954 re
884 2890 1142 2975 publica
1203 2891 1567 2975 videantur3
1640 2892 1751 2955 sed
1820 2891 2113 2976 honeste,
2194 2891 2325 2956 sive

309 2978 716 3065 neglegentia
778 2977 912 3042 sive
984 2977 1277 3042 inertiast
1340 2979 1474 3043 sive
1536 2942 1646 3042 i’lle
1660 3030 1677 3063 ,
1749 3001 1941 3063 quem
2001 2980 2324 3064 proposui,

310 3071 546 3151 metus,
591 3066 749 3130 latet
795 3066 914 3130 sub
959 3066 1080 3130 hac
1122 3066 1583 3150 temperantiae
1629 3067 2103 3132 existimatione
2155 3069 2324 3132 nolle

308 3155 732 3239 provinciam·
2351 3175 2403 3215 30

440 3242 503 3306 A
547 3247 612 3306 te
655 3242 908 3306 litterae
952 3264 1082 3307 non
1118 3246 1448 3327 venerunt,
1494 3247 1575 3326 et,
1619 3243 1745 3306 nisi
1780 3241 2073 3307 Deiotari
2116 3243 2327 3308 subse-

311 3333 493 3394 cutae
539 3333 766 3414 essent,
810 3331 879 3393 in
925 3351 1064 3394 eam
1102 3330 1470 3415 opinionem
1510 3329 1763 3395 Cassius
1807 3331 2122 3416 veniebat,
2167 3353 2324 3416 quae

313 3418 679 3502 diripuisset
713 3419 867 3502 ipse,
913 3421 987 3481 ut
1022 3418 1393 3482 viderentur
1429 3419 1509 3482 ab
1546 3419 1732 3484 hoste
1768 3423 2032 3505 vastata,
2068 3421 2325 3484 finxisse

309 3506 551 3570 bellum
579 3511 644 3570 et
661 3505 910 3569 Arabas
937 3507 1005 3569 in
1031 3507 1429 3591 provinciam
1456 3507 1773 3572 inmisisse
1802 3529 2036 3593 eosque
2054 3507 2325 3574 Parthos
