2567 3884
910 208 1129 263 LIBER
1163 210 1294 263 XIII
1338 214 1562 265 73—77.
2099 208 2229 272 421

200 355 409 417 facere
445 353 671 437 possiS,
719 353 774 417 si
812 353 1072 436 curari8‚
1118 356 1193 416 ut
1228 352 1562 436 AvianiuS,
1610 352 1916 435 quoniam
1953 374 2020 417 se
2057 375 2096 417 a
2130 374 2235 417 me

202 442 403 506 amari
446 445 660 527 putat,
718 464 821 505 me
869 464 908 505 a
952 445 1017 505 te
1063 442 1265 505 amari
1313 441 1488 505 sciat.
1581 439 1730 503 Erit
1774 441 1842 504 id
1886 440 2050 505 mihi
2095 462 2238 526 per-

201 535 475 617 gratum.

1066 684 1362 751 LXXVI.

140 826 173 867 5
570 806 685 863 Ser.
725 807 935 862 Romae
970 824 1120 863 amo
1156 810 1380 875 imam,
1415 807 1544 874 fort.
1586 810 1694 863 691
1736 810 1876 876 (63).

378 930 453 985 M.
494 929 751 985 CICERO
798 930 906 983 1111
941 930 1135 984 VIRIS
1180 928 1276 983 ET
1313 927 1855 983 DECURIONIBUS
1895 928 1948 987 S.
1986 930 2053 985 D.

335 1056 578 1121 Tantae
630 1055 793 1120 mihi
850 1078 995 1120 cum
1042 1054 1115 1132 Q.
1159 1055 1406 1139 Hippio
1464 1076 1690 1120 causae
1743 1054 2236 1121 necessitudinis
2277 1072 2305 1121 1

203 1149 379 1229 sunt,
424 1148 498 1210 ut
542 1145 709 1209 nihil
752 1145 958 1229 possit
1004 1166 1139 1209 esse
1186 1144 1609 1228 coniunctim,
1661 1166 1855 1227 quam
1901 1166 2020 1208 nos
2065 1144 2238 1209 inter

201 1254 323 1297 nos
366 1255 601 1297 sumus
694 1230 881 1308 Quod
934 1232 1059 1296 nisi
1114 1233 1208 1296 ita
1263 1236 1455 1315 esset,
1509 1234 1726 1296 uterer
1777 1254 1922 1296 mea
1976 1254 2237 1297 consue-

111 1340 173 1379 10
202 1322 451 1407 tudine,
506 1326 580 1385 ut
622 1320 810 1385 vobis
854 1320 1034 1385 nulla
1076 1320 1146 1384 in
1191 1343 1260 1384 re
1306 1320 1616 1385 molestus
1663 1342 1881 1385 essem.
1973 1320 2236 1385 Etenim

202 1430 318 1475 vos
373 1409 538 1473 mihi
599 1409 829 1494 optimi
888 1412 1084 1472 testes
1142 1409 1297 1473 estis
1309 1460 1328 1492 ‚
1388 1430 1586 1492 quom
1637 1409 1801 1472 mihi
1859 1430 2235 1493 persuasum

202 1501 369 1563 esset
412 1496 580 1561 nihil
624 1520 786 1581 esse,
842 1498 1017 1580 quod
1069 1518 1108 1560 a
1151 1497 1339 1561 vobis
1393 1497 1739 1580 impetrare
1783 1519 1917 1561 non
1961 1519 2239 1581 possem,

201 1608 555 1669 numquam
599 1608 702 1649 me
747 1589 965 1649 tamen
1013 1607 1277 1670 gravem
1313 1585 1500 1649 vobis
1551 1606 1688 1649 esse
1735 1585 2033 1649 voluisse.
2111 1584 2236 1649 Ve-
2273 1601 2305 1648 2

201 1678 461 1738 menter
496 1673 699 1759 igitur
743 1695 858 1738 vos
904 1673 1099 1737 etiam
1144 1676 1339 1757 atque
1385 1673 1581 1737 etiam
1626 1693 1807 1759 rog-0,
1853 1677 1926 1737 ut
1969 1673 2240 1737 honoris

116 1778 177 1819 15
203 1763 334 1827 mei
380 1782 570 1825 causa
624 1784 817 1845 quam
870 1761 1320 1825 liberalissime
1367 1759 1434 1824 O.
1481 1759 1792 1847 Valgium
1835 1760 2237 1845 Hippianum

201 1850 493 1916 tractetis
539 1870 802 1950 remque
850 1870 995 1914 cum
1042 1870 1118 1913 eo
1165 1848 1547 1934 conficiatis,
1606 1852 1705 1933 ut,
1753 1870 1947 1932 quam
1991 1870 2238 1933 posses·-

200 1940 451 2003 sionem
494 1938 744 2002 habet
727 1960 796 2001 1n
833 1959 990 2023 agro
1026 1936 1409 2023 Fregellano
1445 1958 1490 2000 a
1523 1936 1710 2001 vobis
1749 1941 2050 2037 emptam,
2097 1958 2238 2001 eam

197 2028 473 2092 liberam
537 2030 602 2090 et
663 2027 1016 2090 immunem
1074 2025 1314 2089 habere
1374 2024 1595 2108 possit.
1703 2022 1782 2087 Id
1840 2025 1895 2088 si
1955 2046 1994 2088 a
2049 2025 2240 2089 vobis

200 2116 587 2199 impetrem,
633 2135 885 2179 summo
930 2135 1034 2178 me
1079 2113 1394 2177 beneficio
1439 2116 1655 2177 vestro
1701 2112 2025 2176 adfectum
2071 2112 2240 2178 arbi-

117 2222 176 2261 20
205 2204 446 2267 trabor.

1056 2356 1381 2425 LXXVII.
1462 2382 1508 2425 x

560 2480 674 2536 Ser.
715 2481 923 2536 Romae
958 2497 1135 2535 mense
1170 2481 1360 2535 intere.
1391 2497 1482 2550 pr.
1520 2499 1573 2536 a.
1614 2484 1727 2536 708
1767 2484 1905 2549 (46).

606 2603 681 2660 M.
722 2601 980 2658 CICERO
1021 2602 1073 2658 S.
1111 2602 1178 2657 D.
1217 2603 1277 2657 P.
1322 2602 1644 2658 SULPICIO
1682 2603 1831 2658 IMP.

339 2727 503 2793 Cum
546 2728 650 2792 his
694 2728 1097 2812 temporibus
1140 2749 1273 2792 non
1319 2750 1469 2792 sane
1514 2729 1584 2793 in
1629 2732 1923 2792 senatum
1968 2727 2241 2791 ventita-
2282 2744 2310 2791 1

112 2834 172 2877 25
202 2839 366 2900 rem,
426 2821 670 2900 tamen,
724 2821 798 2881 ut
842 2820 987 2880 tuas
1030 2817 1281 2880 litteras
1325 2816 1488 2903 legi,
1546 2838 1678 2880 non
1725 2816 2090 2880 existimavi
2135 2836 2240 2879 me

202 2905 381 2969 salvo
426 2905 567 2969 iure
610 2908 868 2970 nostrae
903 2904 1139 2969 veteris
1185 2904 1506 2969 amicitiae
1550 2905 2034 2987 multorumque
2069 2903 2243 2967 inter

201 3015 321 3057 nos
380 2993 745 3057 officiorum
803 2993 1011 3057 facere
1069 3014 1281 3077 posse,
1342 2996 1417 3057 ut
1474 2992 1708 3056 honori
1762 2996 1878 3055 tuo
1938 2992 2239 3055 deessem.

198 3080 429 3165 Itaque
487 3082 665 3145 adfui
724 3081 1386 3165 supplicationemque
1444 3080 1568 3144 tibi
1626 3080 1926 3144 lubenter
1987 3078 2241 3143 decrevi

200 3191 320 3234 nec
363 3169 615 3253 reliquo
661 3172 951 3253 tempore
996 3168 1131 3232 ullo
1178 3172 1292 3232 aut
1335 3168 1431 3232 rei
1477 3172 1590 3232 aut
1625 3166 2092 3232 existimationi
2128 3170 2241 3231 aut

113 3279 169 3318 30
202 3257 508 3343 dignitati
553 3262 703 3322 tuae
751 3258 920 3321 dero,
1012 3256 1255 3340 Atque,
1300 3256 1426 3319 hoc
1474 3260 1546 3319 ut
1590 3256 1689 3320 tui
1735 3255 2077 3319 necessarii
2125 3254 2242 3319 sci-

200 3351 340 3431 ant,
385 3345 510 3409 hoc
553 3368 658 3410 me
704 3346 921 3410 animo
969 3367 1123 3431 erga
1166 3348 1232 3408 te
1279 3366 1434 3428 esse,
1483 3344 1679 3408 velim
1725 3344 1924 3408 facias
1970 3364 2079 3407 eos
2124 3364 2244 3427 per

196 3434 451 3498 litteras
488 3435 811 3518 certioreS‚
857 3437 949 3518 ut,
994 3434 1049 3496 si
1089 3431 1246 3516 quid
1290 3431 1417 3495 tibi
1455 3453 1616 3517 opus
1663 3432 1766 3517 sit,
1811 3453 1894 3496 ne
1941 3431 2241 3497 dubitent

194 3522 363 3587 mihi
409 3523 548 3587 iure
595 3544 711 3589 suo
762 3484 1158 3587 denuntiare.
