2567 3884
941 215 1161 270 LIBER
1194 215 1273 269 XI
1312 222 1468 272 6—9.
2104 215 2235 280 309

1124 428 1303 494 VIII.

512 549 626 606 Ser.
665 549 874 604 Romae
909 551 1036 606 circ.
1073 550 1178 604 IX
1210 551 1284 604 K.
1326 549 1495 605 Febr.
1532 567 1584 605 a.
1626 552 1732 603 711
1782 553 1919 619 (43).

418 672 495 728 M.
535 671 791 728 CICERO
831 671 884 726 S.
921 672 988 728 D.
1024 672 1093 727 D.
1131 671 1376 727 BRUTO
1414 672 1561 728 IMP.
1602 670 1749 729 COS.
1787 671 2019 728 DESIG.

334 795 435 862 Eo
462 802 755 881 tempore
771 797 958 861 Polla
983 801 1098 862 tua
1122 797 1321 882 misit,
1360 802 1433 862 ut
1470 798 1553 862 ad
1586 802 1670 883 te,
1716 798 1772 862 si
1802 798 1960 883 quid
1986 797 2235 883 vellem,
2278 815 2306 864 1

144 905 171 946 5
201 886 421 950 darem
469 885 854 969 litterarum,
899 907 1063 970 cum,
1108 886 1266 970 quid
1312 886 1676 971 scriberem,
1722 908 1855 951 non
1888 885 2237 972 habebam3

200 974 420 1039 omnia
481 973 653 1038 enim
725 979 909 1038 erant
979 995 1286 1058 suspensa
1356 979 1622 1058 propter
1693 975 2237 1059 exspectationem

197 1063 594 1149 legatorum,
660 1061 772 1146 qui
827 1062 985 1146 quid
1043 1062 1352 1148 egissent,
1415 1062 1739 1126 nihildum
1796 1063 2235 1128 nuntiabatur.

198 1150 378 1216 Haec
420 1154 638 1214 tamen
675 1149 1012 1215 scribenda
1047 1151 1430 1235 existimavi,
1473 1151 1758 1235 primum
1795 1155 2089 1215 senatum
2123 1173 2235 1234 po-

197 1239 555 1323 pulumque
606 1237 684 1302 R.
732 1238 811 1302 de
867 1242 934 1303 te
991 1239 1286 1303 laborare
1345 1261 1477 1303 non
1533 1239 1743 1304 solum
1798 1240 2024 1303 salutis
2084 1262 2235 1304 suae

115 1347 172 1386 ιο
201 1349 409 1411 causa,
454 1326 568 1391 sed
613 1327 808 1391 etiam
855 1327 1192 1413 dignitatis
1235 1332 1401 1391 tuae.
1465 1325 1891 1391 Admirabilis
1927 1327 2100 1392 enim
2138 1331 2237 1392 est

200 1415 515 1500 quaedam
559 1415 658 1478 tui
701 1414 984 1478 nominis
1031 1414 1262 1478 caritas
1308 1436 1615 1498 amorque
1659 1415 1728 1478 in
1773 1419 1839 1479 te
1890 1416 2237 1502 singularis

202 1505 494 1568 omnium
541 1502 805 1587 civium3
851 1503 944 1566 ita
989 1503 1162 1566 enim
1208 1507 1469 1586 sperant
1515 1507 1707 1587 atque
1755 1504 2116 1588 confidunt,
2162 1507 2237 1567 ut

201 1596 390 1656 antea
435 1613 606 1677 rege,
651 1590 745 1654 sic
787 1554 913 1654 1100
956 1594 1248 1674 tempore
1294 1613 1495 1677 regno
1540 1595 1606 1656 te
1651 1613 1789 1656 rem
1832 1615 1893 1675 p.
1929 1592 2237 1656 liberatu-

200 1702 362 1744 rum.
452 1677 699 1742 Romae
760 1678 1028 1743 dilectus
1087 1679 1366 1743 habetur
1422 1682 1687 1763 totaque
1743 1678 1959 1765 Italia,
2016 1680 2071 1744 si
2127 1680 2238 1743 hic
2272 1695 2305 1743 2

116 1786 172 1827 15
202 1767 473 1832 dilectus
519 1767 936 1850 appellandus
983 1770 1096 1852 est,
1143 1788 1291 1831 cum
1335 1767 1509 1831 ultro
1556 1789 1623 1832 se
1661 1768 1940 1831 offerunt
1986 1789 2235 1854 omnes3

199 1859 420 1920 tantus
466 1855 658 1919 ardor
711 1855 960 1919 animos
1012 1855 1352 1919 hominum
1409 1855 1745 1939 occupavit
1800 1856 2115 1920 desiderio
2161 1856 2237 1920 11-

199 1943 472 2009 bertatis
511 1943 788 2027 odioque
825 1942 1111 2007 diutinae
1157 1943 1503 2007 servitutis.
1594 1943 1693 2008 De
1738 1944 2005 2027 reliquis
2042 1944 2237 2008 rebus

199 2057 238 2096 a
282 2036 350 2096 te
394 2032 525 2095 iam
580 2034 948 2114 exspectare
991 2031 1242 2095 litteras
1301 2031 1606 2095 debemus
1661 2031 1819 2116 quid
1872 2032 2010 2115 ipse
2064 2053 2237 2118 agaS‚

200 2120 360 2205 quid
416 2123 638 2183 noster
694 2118 982 2202 Hirtius,
1043 2119 1199 2202 quid
1260 2117 1493 2183 Caesar
1551 2140 1761 2205 meus3
1826 2141 1989 2204 quos
2048 2141 2236 2204 spero

121 2227 177 2266 so
204 2208 388 2272 brevi
432 2212 726 2290 tempore
771 2207 1077 2271 socictate
1113 2207 1424 2271 victoriae
1458 2211 1675 2271 tecum
1711 2208 2045 2292 copulatos
2080 2209 2238 2273 fore.

201 2296 552 2380 Reliquum
588 2299 703 2379 est,
747 2300 823 2359 ut
861 2295 938 2359 de
974 2317 1078 2359 me
1106 2295 1176 2359 id
1203 2295 1500 2379 scribam,
1547 2296 1722 2380 quod
1756 2299 1822 2360 te
1860 2318 1940 2360 ex
1973 2300 2239 2361 tuorum

200 2384 440 2448 litteris
485 2386 551 2447 ct
595 2405 781 2466 spero
829 2387 894 2447 et
939 2383 1111 2447 malo
1169 2405 1586 2470 cognoscere,
1639 2405 1745 2448 me
1797 2407 2005 2469 neque
2060 2385 2239 2450 desse

200 2472 336 2539 ulla
379 2472 449 2535 in
493 2493 564 2536 re
607 2492 816 2556 neque
861 2493 1168 2556 umquam
1215 2472 1589 2536 defuturum
1634 2472 1939 2559 dignitati
1981 2477 2148 2537 tuae.

1162 2697 1274 2764 IX.

117 2841 172 2881 25
480 2818 595 2875 Ser.
632 2821 698 2874 in
732 2821 930 2874 castris
964 2819 1108 2891 Reyi
1140 2820 1257 2873 III
1286 2820 1362 2875 K.
1402 2820 1551 2874 Mai.
1589 2838 1641 2876 a.
1683 2823 1789 2874 711
1831 2823 1970 2888 (43).

662 2941 730 2996 D.
769 2941 1055 2997 BRUTUS
1104 2942 1157 2996 S.
1196 2942 1263 2998 D.
1304 2942 1378 2996 M.
1419 2940 1773 2997 CICERONI.

331 3085 543 3150 Pansa
587 3085 825 3150 amisso
872 3088 1185 3170 quantum
1232 3085 1606 3150 detrimenti
1652 3108 1753 3150 res
1797 3108 1858 3168 p.
1905 3085 2240 3170 acceperit,
2279 3100 2307 3148 1

198 3195 332 3238 non
384 3178 452 3238 te
503 3175 831 3259 praeterit.
921 3173 1114 3239 Nunc
1167 3173 1553 3238 auctoritate
1609 3177 1675 3238 et
1725 3173 2071 3257 prudentia
2127 3176 2241 3236 tua

198 3262 554 3347 prospicias
601 3265 892 3347 oportet,
913 3283 1018 3325 -ne
1063 3261 1314 3325 inimici
1358 3262 1565 3326 nostri
1612 3261 1985 3326 consulibus
2030 3260 2241 3324 subla-

115 3370 171 3410 so
199 3350 286 3414 tis
333 3354 592 3436 sperent
637 3373 703 3416 se
750 3350 1190 3415 convalescere
1235 3371 1441 3433 posse.
1533 3349 1705 3436 Ego,
1764 3371 1845 3414 ne
1892 3348 2241 3413 consistere

197 3439 406 3522 possit
459 3439 530 3502 in
584 3436 776 3504 Italia
828 3436 1181 3523 Antonius,
1239 3438 1406 3502 dabo
1464 3459 1751 3523 operam3
1806 3458 2039 3522 sequar
2092 3459 2239 3502 eum

199 3525 557 3592 confestim.
645 3526 1016 3609 Utrumque
1058 3548 1163 3591 me
1207 3529 1685 3610 praestaturum
1731 3547 1948 3613 spero,
2000 3548 2082 3590 ne
2128 3530 2239 3592 aut
