2567 3884
341 202 472 266 532
1097 201 1615 256 EPISTULARUM

476 345 574 408 De
621 367 688 409 re
733 345 992 429 publica
1035 346 1311 409 nimium
1357 349 1423 409 te
1466 345 1761 409 laborare
1810 344 1994 409 doleo
2040 347 2107 408 et
2151 343 2375 408 melio-

345 456 480 497 rem
528 434 731 497 civem
778 455 911 497 esse
950 455 1142 516 quam
1186 432 1635 517 Philoctetam,
1683 433 1795 516 qui
1832 436 2091 516 accepta
2135 432 2377 495 iniuria

345 544 418 585 ea
473 522 832 605 spectacula
886 522 1258 605 quaerebat,
1317 544 1479 605 quae
1532 521 1656 585 tibi
1712 521 1940 584 acerba
1985 542 2123 584 esse
2166 521 2376 583 video,

343 608 596 673 Amabo
642 614 724 693 te,
772 610 999 673 advola
1037 608 1447 696 (consolabor
1480 613 1547 673 te
1584 614 1649 674 et
1687 631 1942 673 omnem
1988 608 2378 694 abstergebo

348 696 663 784 dolorem)
721 701 784 761 et
840 698 1069 782 adduc,
1125 699 1179 762 si
1224 721 1329 763 me
1375 720 1575 782 811188,
1631 698 1936 782 Marium3
1990 697 2103 761 sed
2150 698 2381 780 adpro-
2432 713 2460 753 5

343 790 578 869 perate.
669 784 916 850 Hortus
964 786 1138 850 domi
1187 791 1298 850 est.

1194 1012 1306 1077 1x.
1356 1011 1523 1097 [XL]

667 1135 779 1191 Ser.
816 1137 1038 1189 ineunte
1083 1150 1258 1188 me‘noe
1306 1133 1617 1188 Februario
1662 1152 1714 1188 a.
1756 1137 1867 1187 700
1915 1136 2053 1201 (54).

711 1256 1004 1311 MARCUS
1045 1255 1318 1321 QUINTO
1356 1255 1628 1310 FRATRI
1664 1255 2016 1310 SALUTEM.

483 1401 844 1484 Epistolam
897 1399 1063 1463 hanc
1108 1400 1398 1464 convicio
1447 1400 1886 1485 efflagitarunt
1932 1398 2217 1463 codicilli
2263 1400 2378 1462 tui.
2409 1420 2456 1457 ιο
2558 1452 2560 1465 .

348 1489 519 1554 Nam
565 1510 666 1552 res
713 1488 972 1573 quidem
1018 1488 1159 1572 ipsa
1204 1492 1268 1552 et
1314 1489 1370 1551 is
1418 1488 1577 1572 (1188,
1625 1510 1751 1571 quo
1798 1491 1871 1550 tu
1918 1509 1985 1550 es
2029 1487 2381 1571 profectus,

349 1578 515 1641 nihil
557 1577 719 1640 mihi
765 1576 847 1640 ad
891 1576 1301 1640 scribendum
1345 1577 1709 1662 argumenti
1756 1598 1903 1639 sane
1950 1575 2160 1639 dabat.
2238 1574 2383 1658 Sed,

350 1688 540 1749 quem
605 1665 685 1728 ad
747 1664 1042 1748 modum,
1107 1686 1323 1728 coram
1387 1686 1533 1728 cum
1597 1686 1845 1748 sumus,
1914 1685 2123 1727 sermo
2190 1664 2383 1727 nobis

350 1755 564 1818 deesse
608 1775 740 1817 11011
774 1754 954 1837 solet,
1001 1753 1092 1816 sic
1127 1753 1435 1835 epistolae
1472 1757 1728 1817 nostrae
1774 1752 2009 1816 debent
2052 1753 2383 1816 interdum

349 1842 722 1906 halucinari.
813 1841 1240 1905 Tenediorum
1286 1841 1489 1926 igitur
1532 1841 1799 1905 libertas
1844 1840 2051 1904 securi
2097 1839 2385 1903 Tenedia
2410 1859 2457 1898 15

348 1932 634 2016 praecisa
679 1934 791 2014 est,
844 1952 989 1993 cum
1035 1950 1144 1993 eos
1189 1932 1445 2012 praeter
1487 1951 1591 1993 me
1637 1933 1702 1993 et
1745 1928 2055 1992 Bibulum
2102 1932 2167 1991 et
2218 1927 2387 1992 Cali-

353 2020 529 2083 dium
576 2023 640 2082 et
685 2018 1042 2082 Favonium
1087 2039 1275 2080 nemo
1326 2017 1707 2081 defenderet.
1798 2015 1897 2080 De
1942 2020 2007 2079 te
2044 2039 2083 2079 a
2118 2015 2387 2103 Magne-

349 2108 526 2172 tibus
581 2107 661 2170 ab
720 2106 944 2190 Sipylo
997 2106 1242 2169 mentio
1298 2109 1394 2169 est
1447 2106 1805 2169 honorifica
1862 2105 2061 2189 facta,
2123 2126 2272 2169 cum
2319 2109 2387 2169 te

349 2217 550 2258 unum
608 2196 889 2258 dicerent
940 2194 1364 2279 postulationi
1416 2193 1487 2256 L.
1537 2193 1705 2257 Sesti
1748 2191 1994 2257 Pansae
2042 2155 2382 2257 restitisse.

351 2281 644 2365 Reliquis
698 2282 922 2346 diebus
978 2283 1032 2345 si
1087 2282 1244 2365 quid
1298 2282 1446 2364 erit,
1504 2282 1677 2365 quod
1730 2285 1796 2346 te
1850 2282 2011 2345 scire
2058 2303 2223 2365 opus
2280 2284 2384 2366 sit,
2410 2303 2458 2341 20

353 2374 463 2434 aut
519 2371 770 2433 etiamsi
823 2370 990 2433 nihil
1035 2371 1185 2453 erit,
1238 2373 1455 2433 tamen
1510 2370 1786 2433 scribam
1834 2369 2069 2433 cotidie
2116 2370 2383 2453 aliquid.

350 2458 568 2522 Pridie
612 2456 765 2521 Idus
800 2480 1006 2542 neque
1050 2458 1174 2521 tibi
1210 2480 1417 2542 neque
1453 2456 1814 2541 Pomponio
1854 2458 2059 2521 deero,
2120 2457 2385 2523 Lucreti

349 2550 673 2631 poemata,
726 2549 799 2609 ut
845 2546 1098 2629 scribis,
1153 2546 1246 2609 ita
1292 2549 1468 2629 sunt,
1527 2547 1751 2610 multis
1803 2546 2160 2610 luminibus
2206 2547 2384 2633 inge—

351 2636 471 2719 nii,
525 2636 765 2698 multae
819 2638 1034 2698 tamen
1089 2634 1272 2718 artis3
1334 2634 1469 2717 sed,
1530 2656 1675 2698 cum
1720 2635 1997 2718 veneriS,
2056 2635 2272 2699 virum
2320 2640 2384 2699 te

350 2724 594 2808 putabo
602 2774 621 2808 ‚
669 2723 723 2786 si
770 2721 1035 2787 Sallusti
1081 2721 1511 2805 Empedoclea
1553 2723 1814 2808 legeriS‚
1872 2721 2205 2787 hominem
2251 2746 2385 2788 non
2408 2742 2455 2781 25

350 2812 614 2895 putabo,

1199 2968 1276 3033 x.
1326 2967 1526 3053 [xii]

671 3088 784 3144 Ser.
823 3090 1030 3143 Romae
1073 3089 1269 3143 Idibus
1308 3088 1635 3145 Febmariis
1678 3108 1731 3143 a.
1772 3094 1883 3145 700
1921 3092 2059 3157 (54).

715 3210 1006 3265 MARCUS
1047 3210 1319 3275 QUINTO
1358 3211 1630 3266 FRATRI
1667 3212 2021 3267 SALUTEM.

488 3337 748 3402 Gaudeo
792 3338 917 3401 tibi
961 3338 1269 3401 iucundas
1307 3360 1443 3403 esse
1478 3360 1652 3403 meas
1696 3339 1965 3423 litteraS,
2009 3361 2129 3404 nec
2165 3344 2385 3407 tamen
2408 3362 2452 3399 ευ
2559 3320 2560 3345 ³

350 3426 717 3490 habuissem
761 3425 1080 3489 scribendi
1134 3447 1307 3489 nunc
1354 3427 1610 3510 quidem
1658 3428 1864 3492 ullum
1910 3435 2382 3515 argumentum,

351 3514 477 3575 nisi
531 3517 674 3576 tuas
730 3514 1127 3596 accepissem.
1216 3512 1388 3579 Nam
1443 3515 1650 3598 pridie
1695 3514 1873 3600 Idus,
1936 3538 2081 3581 cum
2126 3517 2383 3603 Appius
