2567 3884
63 3178 89 3212 ⁴.

1037 213 1253 267 LIBER
1288 215 1393 269 VII
1428 220 1655 268 27-29.
2233 214 2359 280 195

327 357 551 441 sapiat,
586 377 764 420 1111116
801 378 940 420 6666
975 357 1200 421 beatus
1236 358 1494 440 potest?
1542 356 1684 441 Sed,
1723 357 1897 441 quod
1931 360 2022 441 tn,
2072 358 2174 421 cui
2210 358 2357 422 lice-
2395 375 2427 424 2

327 445 470 528 bat,
533 446 814 529 pedibus
869 466 937 508 es
991 450 1393 530 consecutus,
1456 448 1530 509 ut
1588 445 1684 509 ibi
1742 465 1934 530 66666,
2000 445 2166 508 ‘ubi
2223 466 2359 510 1166

328 533 906 617 Pelopidarum'
955 530 1154 619 (nosti
1192 531 1449 684 66116163,
1494 555 1613 597 1106
1648 533 1820 598 1(16111
1855 555 2056 617 prope
2092 533 2357 597 modum

334 621 786 706 consequimur
841 621 966 684 alia
1019 621 1283 685 ratione.
1429 643 1540 685 um
1594 621 1766 685 enim
1820 621 2193 685 salutationi
2237 643 2357 685 nos

277 727 306 769 5
336 708 626 773 dedimus
688 708 1071 793 amicorum,
1135 730 1297 793 quae
1360 710 1435 773 fit
1495 709 1622 772 hoc
1683 709 1877 773 etiam
1940 709 2357 795 frequentiuS,

213 868 220 873 ,
335 819 531 880 quam
574 797 848 882 solebat,
910 797 1082 880 quod
1137 798 1320 881 quasi
1364 819 1546 862 avem
1592 797 1805 861 albam
1849 797 2149 861 videntur
2192 798 2357 861 bene

335 885 717 949 sentientem
780 886 984 949 civem
1041 885 1256 949 videre
1269 937 1289 969 ,
1353 886 1518 949 abdo
1580 907 1683 949 me
1746 886 1816 948 in
1877 885 2354 950 bibliothecam.

333 971 561 1057 Itaque
618 995 810 1058 opera
855 973 1064 1036 efficio
1109 977 1316 1057 tanta,
1376 977 1615 1057 quanta
1659 974 1931 1039 fortasse
1975 978 2049 1038 tu
2093 974 2355 1059 senties3

335 1061 626 1124 intellexi
691 1062 862 1125 6111111
925 1083 1004 1124 ex
1057 1065 1172 1125 tuo
1228 1083 1518 1125 sermone
1573 1063 1877 1147 quodam,
1942 1082 2085 1125 cum
2144 1083 2354 1126 meam

249 1170 304 1210 ιο
333 1149 724 1213 maestitiam
769 1153 833 1212 et
882 1149 1387 1232 desperationem
1434 1169 1759 1213 accusares
1806 1150 1979 1214 domi
2032 1153 2206 1235 tuae,
2264 1149 2355 1213 di-

335 1258 511 1300 scere
545 1241 612 1300 te
647 1258 726 1300 ex
761 1237 920 1300 meis
962 1237 1150 1300 libris
1195 1238 1479 1301 animum
1522 1259 1738 1302 meum
1785 1237 2155 1302 desiderare.
2228 1236 2355 1302 Sed
2390 1255 2423 1303 3
2522 1242 2527 1247 ’

333 1325 697 1389 mehercule
750 1329 816 1389 et
867 1328 1008 1389 tum
1060 1347 1197 1389 rem
1249 1326 1577 1409 publicam
1629 1326 1957 1412 lugebam,
2014 1348 2175 1411 quae
2220 1348 2353 1389 non

336 1413 546 1477 solum
591 1414 723 1477 suis
767 1434 914 1496 crya
956 1435 1077 1499 me,
1123 1413 1235 1477 sed
1277 1415 1473 1478 etiam
1515 1414 1677 1478 meis
1721 1436 1873 1500 erga
1918 1436 1984 1479 se
2028 1415 2356 1478 beneficiis

335 1505 478 1565 erat
519 1501 680 1565 mihi
723 1503 855 1566 vita
896 1523 1036 1566 mea
1081 1501 1304 1586 carior,
1350 1505 1414 1566 et
1456 1502 1582 1566 hoc
1615 1505 1922 1587 tempore,
1968 1524 2354 1586 quamquam

247 1608 303 1649 15
333 1611 442 1652 me
484 1611 614 1653 non
659 1589 826 1653 ratio
872 1590 1080 1654 solum
1126 1590 1517 1674 consolatur,
1563 1612 1723 1673 quae
1767 1591 2119 1674 plurimum
2165 1591 2354 1655 debet

335 1677 565 1761 valere,
611 1678 723 1740 sed
766 1677 960 1741 etiam
1007 1678 1157 1762 dies,
1204 1700 1366 1761 quae
1412 1678 1626 1741 stultis
1671 1700 1925 1763 quoque
1969 1679 2211 1743 mederi
2257 1701 2356 1743 so-

332 1766 454 1851 let,
498 1770 712 1829 tamen
759 1766 943 1829 doleo
987 1765 1080 1828 ita
1123 1788 1260 1830 rem
1297 1787 1699 1830 communem
1736 1788 1869 1830 esse
1908 1766 2235 1852 dilapsam,
2280 1771 2354 1831 ut

333 1875 418 1917 ne
455 1875 596 1938 spes
633 1853 891 1937 quidem
927 1854 1156 1917 melius
1193 1854 1537 1938 aliquando
1574 1854 1711 1918 fore
1747 1854 2161 1937 relinquatur.
2215 1855 2355 1920 Nec

331 1963 488 2005 vero
533 1963 702 2005 nunc
748 1941 1007 2026 quidem
1063 1941 1248 2026 culpa
1292 1943 1362 2005 in
1407 1963 1482 2006 eo
1529 1945 1651 2026 est,
1698 1942 1765 2005 in
1812 1942 1991 2005 cuius
2033 1946 2353 2026 potestate

245 2051 304 2090 20
336 2030 554 2093 omnia
597 2034 747 2094 sunt
793 2027 947 2116 (nisi
991 2030 1159 2094 forte
1203 2030 1272 2093 id
1316 2031 1529 2113 ipsum
1574 2051 1708 2093 esse
1752 2052 1882 2094 non
1930 2028 2199 2117 debuit),
2242 2031 2355 2095 sed

333 2118 464 2181 alia
517 2139 689 2202 casu,
750 2117 875 2181 alia
929 2118 1122 2182 etiam
1176 2123 1397 2182 nostra
1451 2118 1639 2202 culpa
1691 2117 1783 2182 sic
1835 2117 2227 2204 acciderunt,
2280 2123 2355 2182 ut

336 2206 420 2286 (16
475 2206 840 2289 praeteritis
899 2227 1034 2269 non
1095 2206 1182 2270 sit
1254 2206 1663 2290 querendum.
1771 2205 2113 2289 Reliquam
2176 2229 2354 2291 spem
2452 2281 2457 2286 .

333 2294 579 2357 nullam
624 2294 827 2359 video.
920 2292 1128 2370 Quare
1174 2294 1255 2357 ad
1298 2295 1507 2378 prima
1552 2294 1771 2358 redeo:
1821 2292 2157 2379 Sapienter
2199 2296 2357 2361 haec

333 2382 674 2467 reliquisti,
719 2383 775 2447 si
821 2383 1106 2468 consilio,
1151 2381 1451 2468 feliciter,
1498 2382 1553 2447 si
1598 2403 1762 2446 casu.

245 2631 299 2670 25
1228 2609 1461 2675 XXIX.

619 2731 735 2787 Ser.
783 2731 974 2786 Patris
1017 2749 1068 2787 a.
1107 2733 1158 2786 d.
1197 2731 1346 2784 ΙΙΠ
1383 2731 1455 2786 K.
1496 2731 1637 2786 Nm).
1685 2748 1736 2786 a.
1777 2734 1889 2788 709
1928 2734 2065 2800 (45).

843 2852 1098 2908 CURIUS
1134 2853 1209 2908 M.
1250 2852 1587 2908 CICERONI
1623 2853 1758 2908 SUO
1798 2853 1849 2909 S.

487 2996 548 3062 S.
603 3019 661 3061 v.
717 2997 806 3083 b.;
861 3019 1003 3061 sum
1059 2997 1230 3060 enim
1284 2999 1513 3082 χρήσει
1568 2993 1689 3080 μὲν
1742 2999 1920 3080 1111116,
1995 2997 2219 3079 κτήσει
2282 2994 2357 3062 δὲ
2395 3015 2423 3064 1

331 3085 541 3149 Attici
576 3086 798 3150 nostri.
873 3085 1052 3172 Ergo
1088 3086 1335 3149 fructus
1373 3088 1469 3148 est
1504 3089 1671 3169 1111116,
1716 3084 2109 3169 mancipium
2154 3085 2356 3171 illius3

247 3193 304 3232 ao
334 3174 511 3258 quod
563 3173 822 3257 quidem
868 3174 924 3237 si
969 3175 1138 3237 inter
1183 3195 1364 3238 senes
1416 3171 1899 3256 coemptionalis
1943 3172 2166 3237 venale
2210 3195 2356 3257 pro-

333 3261 687 3345 scripserit,
747 3262 951 3347 egerit
994 3283 1126 3325 non
1169 3262 1464 3326 multum.
1554 3259 1645 3323 At
1690 3261 1802 3323 illa
1846 3264 2067 3324 nostra
2111 3261 2357 3344 praedi-

333 3350 502 3414 catio
577 3348 889 3434 quantist,
970 3372 1117 3434 1106,
1201 3351 1375 3434 quod
1446 3349 1674 3433 simus,
1758 3348 1930 3432 quod
1986 3348 2355 3434 habeamuS,

331 3438 508 3522 quod
557 3436 852 3500 homines
907 3438 1375 3522 existimemur,
1434 3436 1501 3499 id
1556 3456 1743 3500 omne
1798 3457 1911 3518 aps
1964 3439 2030 3499 te
2084 3436 2353 3501 habere!

332 3525 561 3609 Quare,
609 3521 830 3588 Cicero
875 3526 984 3609 mi,
1028 3545 1363 3609 persevera
1408 3527 1772 3587 constanter
1814 3544 1933 3587 nos
1980 3543 2353 3590 conservare

1926 3625 2029 3678 13·
