2567 3884
908 220 1125 274 LIBER
1160 221 1293 275 xm
1330 218 1420 290 29,
1455 227 1540 276 30.
2114 221 2246 287 395

216 364 639 447 mandatione,
685 366 799 428 tuo
847 364 1081 448 studio,
1128 363 1419 429 Caesaris
1463 364 1777 429 beneficio
1822 364 2246 430 hereditatem

215 452 563 553 propinqui
609 452 709 514 sui
756 451 823 515 C.
872 451 1103 536 Capito
1150 453 1458 538 optineat.
1550 451 1800 537 Omnia,
1853 474 2014 537 quae
2058 454 2245 537 potui

217 542 285 604 in
328 541 450 605 hac
495 562 746 604 summa
798 543 911 604 tua
968 540 1181 626 gratia
1225 562 1300 605 ac
1343 542 1637 624 potentia
1683 564 1720 605 a
1762 544 1829 605 te
1884 541 2247 626 impetrare,

216 630 270 692 si
313 629 645 713 petissem,
698 628 873 692 ultro
918 632 984 693 te
1029 628 1111 692 ad
1155 651 1258 693 me
1307 629 1610 693 detulisse
1653 629 1926 713 putabo,
1981 630 2036 693 si
2080 629 2249 693 hanc

34 730 42 767 ἐ
158 736 187 775 5
214 739 349 781 rem
412 718 857 818 impetravero.
964 714 1137 781 Illud
1206 718 1347 781 fore
1408 717 1534 781 tibi
1606 718 1976 781 adiumento
2041 737 2246 802 spero,

34 818 37 825 '
214 804 393 869 cuius
448 805 585 888 ipse
632 803 865 869 Caesar
920 805 1203 888 optimus
1250 827 1386 869 esse
1440 804 1634 869 iudex
1679 808 1918 907 potest.
1982 803 2248 889 Semper

215 891 551 957 Caesarem
588 890 818 976 Capito
866 893 1067 956 coluit
1112 896 1177 956 et
1224 894 1466 957 dilexit.
1561 891 1686 957 Sed
1732 894 1868 977 ipse
1911 893 2106 957 huius
2151 894 2247 957 rei

213 980 397 1044 testis
451 983 575 1065 est3
631 981 787 1044 novi
845 980 1129 1045 hominis
1188 982 1585 1045 memoriam.
1674 979 1902 1065 Itaque
1961 981 2129 1044 nihil
2182 984 2248 1044 te

214 1068 436 1154 doceo;
495 1071 750 1132 tantum
804 1068 928 1132 tibi
984 1069 1223 1134 sumito
1277 1091 1398 1152 pro
1448 1069 1762 1152 Capitone
1807 1069 1978 1153 apud
2024 1068 2247 1133 Caesa-

122 1178 185 1217 10
214 1177 376 1240 rem,
432 1159 746 1240 quantum
804 1156 1018 1239 ipsum
1071 1158 1440 1221 meminisse
1496 1158 1748 1222 senties
1839 1157 2011 1244 Ege,
2073 1156 2249 1241 quod

212 1244 282 1307 in
324 1265 429 1307 me
474 1244 615 1328 ipso
662 1244 941 1327 experiri
985 1245 1188 1328 potui,
1236 1246 1318 1308 ad
1361 1248 1427 1309 te
1474 1245 1783 1331 deferam3
1829 1246 1899 1309 in
1936 1267 2012 1309 eo
2051 1266 2247 1329 quan-

211 1336 352 1395 tum
399 1332 485 1395 sit
527 1332 850 1416 ponderiS,
902 1336 978 1396 tu
1030 1332 1296 1398 videbis.
1390 1332 1598 1408 Quam
1650 1337 1902 1418 partem
1955 1333 2026 1396 in
2071 1355 2139 1397 re
2183 1356 2246 1417 p.

212 1441 594 1504 causamque
652 1420 1071 1504 defenderim,
1124 1442 1243 1505 per
1296 1443 1458 1505 quos
1512 1422 1808 1486 homines
1865 1421 2249 1505 ordinesque

213 1508 503 1572 steterim
541 1508 902 1592 quibusque
948 1508 1237 1573 munitus
1282 1510 1536 1594 fuerim,
1580 1531 1714 1574 non
1760 1510 2038 1611 ignoras.
2102 1508 2249 1573 Hoc

32 1633 34 1642 ·
119 1615 183 1657 15
211 1595 376 1659 mihi
422 1596 618 1660 velim
664 1596 907 1680 credas,
963 1596 1019 1660 si
1074 1597 1232 1680 quid
1284 1597 1547 1661 fecerim
1600 1597 1726 1662 hoc
1769 1598 1913 1681 ipso
1959 1597 2028 1661 ιιι
2073 1596 2247 1661 bello

210 1684 425 1747 minus
462 1706 541 1748 ex
575 1683 863 1748 Caesaris
889 1648 1230 1748 'voluntate
1266 1682 1472 1771 (quod
1507 1686 1800 1750 intellexi
1836 1686 1997 1750 scire
2033 1685 2246 1769 ipsum
2278 1703 2284 1709 ·

213 1770 549 1836 Caesarem
594 1794 697 1836 me
743 1772 1204 1836 invitissimum
1248 1771 1530 1860 fecisse),
1587 1774 1655 1837 id
1700 1774 1926 1837 fecisse
1971 1773 2247 1836 aliorum

210 1860 509 1946 consilio,
553 1860 844 1945 hortatu,
891 1861 1301 1946 auctoritate3
1356 1861 1530 1945 quod
1575 1861 1809 1925 fuerim
1854 1860 2248 1924 moderatior

207 1948 754 2033 temperatiorque
801 1971 995 2033 quam
1039 1949 1109 2013 in
1154 1971 1229 2013 ea
1271 1952 1455 2033 parte
1503 1950 1861 2033 quisquam,
1907 1948 1975 2013 id
2019 1971 2123 2012 me
2159 1949 2248 2012 fe-

113 2059 180 2099 20
207 2037 370 2101 cisse
433 2036 712 2101 maxime
777 2037 1160 2101 auctoritate
1224 2036 1590 2138 Capitonis3
1655 2037 1835 2100 cuius
1901 2036 2131 2100 similis
2191 2037 2246 2099 si

208 2125 494 2209 reliquos
537 2125 929 2190 necessarios
970 2125 1368 2209 habuissem,
1415 2125 1508 2189 rei
1551 2147 1614 2209 p.
1660 2126 1931 2189 fortasse
1975 2146 2109 2188 non
2153 2125 2248 2188 ni-

206 2212 331 2295 hil,
388 2212 552 2277 mihi
606 2217 776 2277 certe
820 2214 1176 2297 plurimum
1218 2213 1622 2297 profuissem.
1713 2213 1902 2278 Hanc
1946 2234 2108 2297 rem,
2154 2213 2246 2277 mi
2281 2214 2286 2219 ’

208 2298 463 2385 Plance,
510 2301 564 2364 si
602 2302 913 2386 effeceriS,
958 2323 1169 2365 meam
1207 2302 1284 2365 de
1321 2304 1435 2365 tua
1471 2324 1626 2388 erga
1659 2324 1764 2366 me
1809 2301 2248 2366 benivolentia

210 2409 392 2471 spem
456 2388 957 2474 confirmaveris,
1030 2390 1258 2491 ipsum·
1310 2388 1722 2474 Capitonem,
1787 2390 2247 2477 gratissimum,

113 2494 181 2537 25
210 2475 784 2561 officiosissimum,
833 2441 1150 2561 optimum
1196 2478 1436 2562 virum,
1484 2479 1566 2541 ad
1609 2482 1790 2543 tuam
1834 2478 2246 2542 necessitudi-

206 2585 359 2628 nem
404 2567 520 2629 tuo
566 2586 817 2629 summo
864 2565 1177 2630 beneficio
1216 2566 1602 2630 adiunxeris

1120 2794 1322 2859 XXX.

638 2914 754 2969 Ser.
795 2914 1021 2982 Rome,
1056 2922 1121 2969 ut
1155 2916 1390 2982 videtur,
1431 2934 1483 2970 a.
1525 2918 1638 2969 708
1678 2916 1816 2982 (46).

665 3035 922 3090 CICERO
960 3036 1199 3091 ACILIO
1236 3036 1694 3091 PROCONSULI
1731 3035 1788 3090 S.

104 3203 173 3244 30
342 3177 415 3243 L.
460 3179 743 3244 Manlius
798 3182 894 3244 est
949 3179 1143 3244 Sosis.
1232 3177 1301 3244 Is
1353 3179 1480 3243 fuit
1537 3178 1923 3263 Catinensis,
1985 3177 2097 3242 sed
2152 3181 2248 3243 est

203 3290 338 3333 una
383 3289 529 3332 cum
575 3268 842 3352 reliquis
885 3266 1335 3351 Neapolitanis
1381 3268 1539 3332 civis
1584 3265 1661 3331 R.
1707 3268 1916 3332 factus
1964 3266 2248 3331 decurio-

203 3378 333 3441 que
378 3355 687 3442 Neapoli3
743 3359 879 3420 erat
935 3358 1107 3420 enim
1161 3356 1521 3441 adscriptus
1575 3355 1644 3419 in
1699 3355 1767 3419 id
1819 3355 2247 3439 municipium

202 3447 356 3508 ante
416 3444 743 3509 civitatem
808 3444 998 3508 sociis
1062 3448 1127 3509 et
1189 3443 1440 3509 Latinis
1500 3444 1730 3508 datam.
1822 3442 1984 3507 Eius
2048 3445 2248 3509 frater

204 3532 473 3597 Catinae
527 3556 734 3617 nuper
787 3536 1083 3597 mortuus
1142 3536 1255 3597 est.
1345 3531 1612 3597 Nullam
1667 3532 1930 3597 omnino
1977 3532 2247 3598 arbitra-
