2567 3884
367 197 498 261 382
1109 197 1627 253 EPISTULARUM

365 340 588 426 magni
631 341 948 405 faciebam
995 345 1059 404 et
1113 341 1499 426 probabam3
1554 346 1693 405 erat
1738 341 1912 405 enim
1958 347 2024 406 et
2076 342 2421 406 studiosus

369 427 584 493 Crassi
619 433 686 493 et
730 429 812 493 ad
857 429 993 493 eius
1032 429 1277 513 optima
1316 429 1530 492 studia
1566 430 1978 494 vehementer
2022 435 2245 516 aptus3
2298 432 2421 494 ita-

369 539 493 601 que
531 517 612 580 ab
652 538 727 581 eo
765 517 1112 581 admodum
1160 517 1569 602 diligebatur.
1658 516 1817 582 Post
1861 523 2139 582 mortem
2188 523 2421 583 autem

369 604 584 668 Crassi
620 626 696 669 eo
731 605 896 669 mihi
933 606 1127 669 etiam
1167 604 1428 689 dignior
1471 605 1647 669 visus
1694 610 1808 689 est,
1856 629 2046 690 quem
2092 608 2162 670 in
2211 608 2419 671 fidem
2516 625 2518 630 ·

367 697 560 777 atque
615 693 966 757 amicitiam
1020 714 1230 756 meam
1285 693 1661 778 reciperem,
1718 695 1893 777 quod
1938 717 2045 759 eos
2093 717 2131 758 a
2178 717 2250 759 se
2305 697 2420 760 ob-
2464 713 2483 751 ⁵

367 782 712 846 servandos
768 785 832 844 et
887 780 1187 844 colendos
1240 781 1539 865 putabat,
1596 803 1757 864 quos
1803 783 1914 846 ille
1962 782 2307 847 dilexisset
2356 789 2422 848 et

366 871 604 954 quibus
651 891 834 934 carus
879 869 1121 933 fuisset.
1210 864 1439 952 Itaque
1486 873 1551 932 et
1596 869 1678 933 ad
1721 892 1825 934 me
1862 870 1931 934 in
1969 869 2272 935 Ciliciam
2314 895 2421 935 ve-
2518 941 2520 956 Ι

364 959 482 1043 nit,
527 958 878 1042 multisque
923 957 994 1020 in
1036 956 1229 1020 rebus
1272 957 1439 1021 mihi
1484 979 1721 1043 magno
1769 959 1914 1022 usui
1960 959 2087 1022 fuit
2132 963 2203 1023 et
2250 961 2419 1024 fides
2518 981 2520 984 ⁴

367 1048 505 1110 eius
560 1051 625 1110 ct
668 1045 1035 1130 prudentia,
1095 1047 1186 1128 et,
1240 1049 1314 1108 ut
1363 1045 1618 1130 opinor,
1673 1046 1799 1110 tibi
1845 1047 1913 1110 in
1957 1045 2417 1112 Alexandrino

365 1134 565 1219 bello,
638 1137 950 1216 quantum
1014 1132 1228 1196 studio
1295 1136 1360 1196 et
1421 1133 1734 1198 fidelitate
1799 1136 2103 1218 consequi
2166 1138 2418 1220 potuit,
2440 1156 2479 1192 1⁰
2520 1114 2522 1218 i

368 1243 500 1286 non
547 1221 767 1285 defuit.
859 1220 1046 1297 Quod
1102 1242 1247 1285 cum
1303 1225 1587 1305 speraret
1629 1225 1697 1285 te
1743 1243 2000 1306 quoquc
2045 1224 2139 1286 ita
2186 1225 2420 1288 existi·
2520 1225 2522 1266 ²

365 1331 566 1393 mare,
631 1310 700 1372 in
757 1308 1139 1392 Hispaniam
1199 1309 1281 1372 ad
1338 1313 1404 1373 te
1461 1309 1740 1373 maxime
1800 1311 1910 1374 ille
1966 1310 2236 1395 quidem
2294 1335 2417 1376 suo

365 1397 653 1481 consili0‚
698 1396 811 1460 sed
855 1398 1050 1461 etiam
1093 1418 1198 1461 me
1244 1401 1503 1461 auctore
1552 1401 1648 1462 cst
1690 1399 2035 1481 profectus.
2110 1398 2241 1464 Cui
2290 1423 2417 1487 ego

366 1485 988 1551 commendationem
1045 1506 1178 1548 non
1236 1507 1381 1550 sum
1438 1486 1794 1571 pollicitus,
1854 1509 1986 1552 non
2040 1488 2207 1570 quin
2272 1509 2417 1553 eam
2522 1522 2524 1572 1

363 1573 709 1638 valituram
769 1573 940 1657 apud
997 1577 1062 1637 te
1122 1573 1503 1657 arbitrarer,
1564 1575 1677 1638 sed
1729 1597 1936 1659 neque
1992 1597 2181 1661 egere
2242 1578 2415 1640 mihi
2440 1594 2475 1632 1⁵
2523 1581 2524 1592 ¹

365 1661 920 1725 commendatione
967 1660 1336 1746 videbatur,
1392 1662 1504 1745 qui
1550 1666 1616 1726 et
1659 1662 1730 1726 in
1774 1663 1947 1727 bello
1992 1667 2215 1728 tecum
2256 1667 2417 1729 fuis-

365 1753 462 1813 set
522 1753 587 1813 et
643 1753 911 1833 propter
962 1749 1342 1814 memoriam
1399 1749 1611 1813 Crassi
1668 1750 1745 1813 de
1800 1752 1933 1815 tuis
1990 1773 2158 1816 unus
2220 1759 2417 1837 esset,

365 1842 447 1922 et,
485 1838 541 1901 si
578 1838 677 1901 uti
714 1838 1379 1902 commendationibus
1413 1838 1625 1921 vellet,
1668 1839 1863 1902 etiam
1898 1861 2015 1923 per
2050 1840 2221 1904 alios
2262 1863 2417 1906 eum

364 1925 663 1989 videbam
725 1926 794 1989 id
853 1927 1156 2011 consequi
1212 1947 1428 2011 posse;
1488 1927 1932 1991 testimonium
1990 1929 2120 1992 mei
2184 1929 2275 1993 de
2340 1953 2417 1994 eo
2524 1928 2526 2030 1

366 2014 606 2099 iudicii,
654 2013 829 2098 quod
864 2018 930 2077 et
974 2015 1112 2097 ipse
1157 2014 1379 2099 magni
1425 2014 1805 2078 aestimabat
1851 2019 1916 2079 et
1954 2037 2074 2100 ego
2123 2019 2315 2100 apud
2352 2023 2417 2082 te
2442 2036 2479 2072 20
2524 2035 2526 2106 J

365 2103 578 2167 valere
625 2125 800 2166 eram
847 2106 1167 2186 expertuS,
1213 2103 1273 2165 ei
1319 2101 1617 2165 lubenter
1663 2102 1825 2166 dedi.
2524 2129 2526 2132 ⁴

498 2190 781 2254 Doctum
825 2191 1031 2275 igitur
1073 2189 1404 2252 hominem
1442 2191 1718 2275 cognovi
1754 2194 1820 2254 et
1854 2189 2085 2254 studiis
2134 2192 2421 2273 optimis

367 2278 672 2363 deditum,
718 2277 911 2361 idque
957 2300 995 2341 a
1037 2298 1266 2361 puero3
1312 2300 1463 2340 nam
1501 2278 1676 2341 domi
1710 2299 1889 2342 meae
1926 2298 2073 2342 cum
2109 2276 2421 2344 Diodoto

365 2365 618 2450 Stoico,
675 2365 938 2429 homine
995 2385 1140 2428 meo
1200 2365 1439 2428 iudicio
1500 2366 1962 2451 eruditissimo,
2019 2365 2326 2432 multum
2387 2392 2424 2432 a

361 2474 564 2538 puero
617 2454 760 2516 fuit.
849 2452 1045 2518 Nunc
1098 2455 1315 2516 autem
1368 2454 1665 2517 incensus
1720 2454 1933 2517 studio
1988 2475 2213 2518 rerum
2278 2460 2423 2520 tua-
2446 2475 2483 2513 25

363 2558 510 2604 rum
581 2562 687 2605 eas
749 2541 986 2605 litteris
1056 2539 1316 2604 Graecis
1387 2542 1691 2605 mandare
1765 2542 2079 2626 cupiebat.
2205 2542 2423 2609 Posse

363 2629 671 2715 arbitror3
715 2629 887 2693 valet
932 2629 1221 2715 ingenio,
1266 2628 1464 2692 habet
1499 2651 1706 2712 usum,
1751 2629 1881 2694 iam
1925 2630 2183 2713 pridem
2222 2632 2307 2697 in
2348 2656 2425 2698 eo

362 2739 596 2804 genere
651 2718 850 2781 studii
902 2717 1393 2800 litterarumque
1438 2722 1755 2802 versatur,
1816 2719 1972 2781 satis
2025 2719 2249 2782 facere
2304 2721 2425 2785 im-

362 2805 747 2869 mortalitati
791 2805 1054 2869 laudum
1100 2808 1359 2868 tuarum
1405 2804 1791 2870 mirabiliter
1837 2806 2029 2890 cupit.

494 2893 714 2956 Habes
750 2893 1075 2977 opinionis
1118 2915 1299 2957 meae
1344 2893 1815 2978 testimonium,
1862 2893 1975 2957 sed
2016 2897 2092 2956 tu
2140 2894 2285 2959 hoc
2335 2898 2425 2960 fa·
2448 2914 2483 2952 ω

364 2981 550 3045 cilius
594 2981 802 3044 multo
846 3004 966 3065 pro
1004 2984 1117 3045 tua
1163 2981 1478 3066 singulari
1523 2982 1865 3065 prudentia
1911 2980 2263 3047 iudicabis
2338 2985 2429 3050 Et

361 3072 603 3153 tamen,
661 3070 835 3152 quod
879 3091 1291 3155 negaveram,
1352 3070 1728 3134 commendo
1784 3069 1908 3132 tibi
1955 3090 2121 3133 eum.
2226 3070 2431 3149 Quic-

363 3157 520 3240 quid
565 3157 625 3220 ei
672 3157 1209 3242 commodaveriS‚
1263 3156 1390 3220 erit
1445 3157 1513 3221 id
1566 3158 1729 3221 mihi
1782 3157 2096 3221 maiorem
2156 3159 2237 3224 in
2290 3184 2433 3226 mo-

363 3246 517 3308 dum
561 3248 838 3331 gratum.
