2567 3884
395 1453 458 1500 11

494 152 578 214 74
1246 149 1762 204 EPISTULARUM

490 315 636 358 cum
673 294 1071 377 auctoritate,
1120 315 1266 357 cum
1304 293 1498 357 armis
1537 292 1808 376 denique
1843 291 2010 355 texit
2044 291 2221 355 suis‘?
2271 290 2522 368 Quibus

490 381 750 465 quidem
802 382 1204 466 temporibus
1258 382 1418 446 haec
1470 382 1538 444 in
1597 402 1673 445 eo
1732 379 2044 466 gravitaS,
2102 379 2265 443 haec
2324 379 2525 443 animi

491 469 764 533 altitudo
810 469 953 554 fuit,
998 492 1130 534 non
1174 469 1368 534 modo
1415 473 1488 533 ut
1531 468 1779 555 Phrygi
1825 467 2017 531 alicui
2061 471 2172 530 aut
2214 466 2526 551 Lycaoni,

493 558 669 641 quod
719 561 794 621 tu
848 558 918 621 in
962 557 1195 644 legatis
1239 556 1476 641 fecisti,
1534 557 1648 620 sed
1689 577 1771 620 ne
1817 576 2212 619 summorum
2262 556 2527 639 quidem

491 645 828 709 hominum
872 646 1206 711 malevolis
1254 646 1330 709 de
1366 667 1468 709 me
1507 644 1908 712 sermonibus
1945 644 2245 708 crederet.
2311 642 2527 707 Huius

493 733 696 819 igitur
739 733 912 797 filius
958 755 1103 798 cum
1141 734 1227 797 sit
1261 755 1461 820 gener
1502 737 1678 817 tuus,
1725 753 2013 816 cumque,
2058 734 2317 815 praeter
2361 732 2530 795 hane

494 821 1009 886 coniunctionem
1054 822 1407 886 adfinitatis
1461 843 1654 905 quam
1707 820 1795 884 sis
1843 819 1954 885 Cn.
1991 820 2303 920 Pompeio
2341 840 2529 883 carus

495 930 814 993 quamque
860 909 1201 994 iucundus,
1258 910 1656 1011 intellegam,
1712 930 1842 995 quo
1886 908 2144 972 tandem
2191 908 2416 972 animo
2464 909 2530 971 ιιι

493 1001 559 1060 te
605 1018 740 1061 esse
797 997 1040 1062 debeo?
1097 1020 1242 1062 cum
1286 998 1664 1083 praesertim
1717 1019 1823 1062 eas
1878 997 1960 1061 ad
2014 1017 2117 1060 me
2169 996 2430 1059 litteras
2476 997 2530 1058 is

493 1084 773 1168 miserit,
847 1085 1111 1169 quibus,
1177 1086 1430 1150 etiamsi
1492 1086 1647 1170 tibi,
1713 1086 1815 1149 cui
1879 1107 2022 1149 sum
2079 1084 2567 1167 amicissimus,1

493 1173 701 1236 hostis
761 1193 993 1258 essem,
1057 1174 1346 1258 placarer
1401 1179 1617 1238 tamen
1674 1177 2013 1256 totumque
2074 1194 2177 1236 me
2241 1172 2327 1235 ad
2391 1172 2528 1235 eius

496 1261 623 1324 viri
676 1260 770 1323 ita
826 1261 901 1324 de
956 1282 1060 1325 me
1118 1262 1335 1325 meriti
1395 1263 1793 1326 voluntatem
1851 1265 2207 1343 nutumque
2267 1281 2530 1324 conver—

496 1353 721 1412 terem.

634 1434 761 1499 Sed
811 1436 970 1500 haec
1021 1437 1357 1523 hactenus3
1420 1437 1715 1521 pluribus
1774 1436 1945 1500 enim
2003 1435 2199 1500 etiam
2252 1436 2530 1499 fortasse

497 1524 741 1608 verbis,
802 1546 994 1608 quam
1064 1547 1318 1589 necesse
1389 1524 1544 1609 fuit,
1616 1524 1854 1607 scripta
1915 1527 2078 1588 sunt.
2185 1522 2383 1588 Nunc
2440 1543 2567 1608 ea,1

498 1634 660 1695 quae
714 1634 753 1675 a
803 1634 907 1676 me
960 1614 1249 1697 profecta
1295 1634 1582 1697 quaeque
1627 1613 1925 1676 instituta
1979 1612 2134 1695 sint,
2192 1633 2527 1712 cognosce.

497 1737 1751 1748 -------------------------
1807 1699 2023 1783 Atque
2067 1700 2228 1763 haec
2273 1700 2529 1786 agimus

498 1792 564 1851 et
609 1809 871 1888 agemus
914 1790 1121 1875 magis
1166 1811 1285 1873 pro
1335 1788 1649 1874 dignitate
1686 1810 1879 1872 quam
1912 1809 2031 1872 pro
2066 1787 2356 1871 periculo
2393 1792 2528 1852 tuo.

498 1875 589 1939 Te
628 1877 816 1960 enim,
853 1881 926 1940 ut
963 1898 1167 1961 spero,
1203 1877 1578 1962 propediem
1607 1898 1932 1940 censorem
1960 1876 2309 1959 audiemuS,
2349 1876 2531 1940 cuius

497 1964 913 2050 magistratus
968 1966 1206 2048 officia,
1267 1986 1429 2048 quae
1490 1968 1638 2028 sunt
1691 1965 1956 2028 maximi
2011 1963 2210 2027 animi
2267 1965 2531 2027 summi-
2556 1984 2567 2021 ε

499 2073 623 2134 que
669 2052 947 2134 consilii,
1003 2053 1126 2116 tibi
1183 2052 1557 2139 diligentius
1602 2056 1668 2117 et
1712 2052 2066 2117 accuratius
2113 2073 2308 2135 quam
2355 2053 2529 2137 haec,

500 2159 661 2222 quae
707 2160 825 2203 nos
874 2140 950 2203 de
994 2144 1060 2204 te
1106 2140 1376 2227 agimus,
1423 2140 1764 2226 cogitanda
1807 2161 1942 2204 esse
1989 2161 2232 2204 cense0.

1460 2368 1571 2434 XI.

679 2487 793 2544 Ser.
832 2490 897 2543 in
932 2491 1127 2545 castris
1163 2491 1239 2545 ad
1274 2490 1582 2560 Pyramum
1610 2497 1735 2559 post
1770 2491 1858 2546 Id.
1896 2490 2029 2544 Iun.
2068 2492 2178 2544 704
2224 2491 2370 2557 (50).

572 2610 828 2665 CICERO
865 2610 1079 2665 APPIO
1117 2611 1482 2681 PULCHRO,
1520 2612 1618 2667 UT
1656 2612 1910 2681 SPERO,
1950 2610 2260 2666 CENSORI
2299 2611 2352 2667 S.
2392 2611 2458 2665 D.
2558 2634 2567 2671 ε

637 2753 799 2819 Οιιιιι
845 2776 1048 2818 essem
1094 2755 1163 2818 in
1209 2756 1436 2819 castris
1482 2756 1564 2819 ad
1605 2756 1874 2820 fluvium
1909 2755 2276 2838 Pyramum,
2324 2754 2530 2819 reddi-

502 2847 606 2906 tae
651 2842 814 2906 mihi
861 2847 1010 2906 sunt
1056 2864 1185 2907 uno
1230 2848 1522 2927 tempore
1568 2866 1606 2906 a
1649 2847 1714 2907 te
1773 2843 2079 2927 epistolae
2127 2842 2314 2928 duae,
2373 2865 2528 2927 quas

502 2931 585 2994 ad
636 2952 739 2994 me
788 2930 858 3006 Q.
908 2930 1218 2995 Servilius
1274 2930 1476 2995 Tarso
1529 2931 1805 2995 miserat.
1905 2930 2148 2994 Earum
2203 2931 2272 2993 in
2330 2932 2529 2995 altera

505 3018 639 3081 dies
685 3022 823 3082 erat
868 3019 1146 3103 ascripta
1188 3018 1528 3084 Nonarum
1573 3018 1922 3104 Aprilium,
1979 3018 2048 3083 in
2094 3018 2320 3103 altera,
2369 3041 2527 3103 quae

501 3105 665 3169 mihi
711 3107 1030 3171 recentior
1072 3108 1440 3191 videbatur,
1505 3106 1640 3171 dies
1683 3129 1813 3171 non
1858 3110 2011 3171 erat.
2102 3105 2567 3190 Respondebo=

503 3194 707 3279 igitur
752 3196 1069 3278 superiori
1113 3196 1320 3279 prius,
1376 3196 1445 3258 in
1501 3217 1628 3279 qua
1682 3195 1907 3259 scribis
1953 3194 2036 3258 ad
2078 3216 2181 3259 me
2229 3195 2306 3258 de
2353 3218 2530 3280 apso-

502 3281 750 3345 lutione
794 3284 1163 3347 maiestatis.
1255 3283 1354 3347 De
1401 3305 1528 3367 qua
1573 3283 1694 3347 etsi
1736 3283 2058 3367 permulto
2104 3286 2251 3346 ante
2300 3285 2531 3347 certior

504 3368 713 3430 factus
769 3390 942 3432 eram
986 3371 1254 3455 litteris,
1301 3371 1573 3456 nuntiis,
1620 3372 1788 3434 fama
1834 3370 2108 3455 denique
2153 3370 2295 3454 ipsa
2342 3369 2530 3457 (nihil

507 3453 681 3517 enim
736 3454 861 3568 fuit
916 3456 1175 3543 clarius;
1233 3480 1366 3522 ιιοιι
1421 3480 1548 3542 quo
1605 3459 1941 3542 quisquam
1997 3459 2183 3523 aliter
2226 3463 2531 3542 putasset,

2066 3752 2567 3800 ζ’»,
