2567 3884
347 141 477 204 228
1107 139 1623 194 EPISTULARUM
2554 0 2567 162 i

349 284 502 348 dum
547 283 739 346 modo
787 282 979 346 simul
1025 281 1241 366 simus,
1286 281 1614 365 perficiam
1648 281 1957 366 profecte,
2002 284 2076 344 ut
2110 280 2181 345 id
2215 279 2367 344 utri-

349 394 473 456 que
518 375 811 436 nostrum
857 370 1445 436 commodissimum
1492 391 1627 434 esse
1671 369 1979 433 videatur.

1309 595 1390 661 H.

561 719 675 775 Sor.
714 720 921 775 Romae
951 720 1126 789 paulo
1154 725 1282 788 post
1320 719 1457 772 XII
1485 719 1558 774 K.
1598 715 1743 773 Mai.
1781 736 1833 774 a.
1874 721 1987 774 708
2026 721 2146 788 (46)

1038 839 1292 896 CICERO
1331 840 1677 896 VARRONI.
2419 860 2450 900 5

284 1005 311 1052 1
487 983 790 1050 Caninius
837 989 978 1049 mus
1011 984 1182 1048 idem
1219 987 1284 1047 et
1322 984 1491 1048 idem
1525 987 1745 1048 noster
1781 1005 1927 1048 cum
1962 984 2045 1048 ad
2085 1006 2191 1048 me
2234 1006 2374 1068 per-

352 1074 603 1157 vesperi
637 1073 914 1137 venisset
952 1075 1015 1136 et
1052 1094 1119 1136 se
1153 1071 1465 1156 postridie
1500 1087 1686 1136 mane
1722 1072 1804 1135 ad
1837 1076 1904 1136 te
1947 1072 2192 1136 iturum
2238 1094 2373 1136 esse

356 1162 638 1245 dixisset,
685 1160 820 1224 dixi
864 1161 924 1223 ei
968 1182 1071 1224 me
1117 1161 1417 1224 daturum
1460 1160 1821 1224 litterarum
1867 1160 2141 1247 aliquid3
2185 1183 2373 1224 mane

355 1253 428 1314 ut
471 1252 735 1333 peteret,
779 1249 1018 1334 rogavi.
1068 1247 1433 1332 Conscripsi
1470 1249 1808 1332 epistulam
1842 1253 2065 1335 noctu3
2109 1270 2229 1313 nec
2264 1249 2373 1312 ille

355 1337 437 1401 ad
479 1359 583 1400 me
628 1336 845 1422 rediit3
900 1336 1176 1400 oblitum
1231 1337 1486 1400 credidi.
1575 1335 1674 1400 Ac
1718 1340 1934 1400 tamen
1980 1359 2119 1401 eam
2163 1337 2371 1421 ipsam
2398 1355 2451 1394 1⁰

355 1425 480 1488 tibi
533 1424 872 1508 epistulam
929 1425 1245 1488 misissem
1303 1447 1418 1509 per
1474 1445 1651 1488 meos
1660 1474 1677 1507 ,
1735 1425 1863 1488 nisi
1921 1425 2238 1489 audissem
2293 1447 2371 1489 ex

357 1513 580 1577 eodem
631 1513 942 1597 postridie
995 1518 1060 1577 te
1113 1535 1299 1576 mane
1360 1535 1394 1577 e
1447 1512 1805 1577 Tusculano
1852 1514 2191 1577 exiturum.
2280 1512 2372 1576 At

355 1600 480 1664 tibi
525 1605 784 1684 repente
827 1602 1046 1685 paucis
1090 1605 1237 1684 post
1284 1601 1525 1686 diebuS,
1572 1623 1717 1665 cum
1750 1601 2017 1665 minime
2054 1605 2372 1685 exspecta-

357 1711 510 1773 rem,
555 1689 734 1753 venit
778 1690 860 1752 ad
902 1711 1005 1754 me
1052 1688 1357 1752 Caninius
1401 1711 1614 1774 mane3
1659 1690 1979 1773 proficisci
2015 1690 2097 1753 ad
2139 1693 2205 1753 te
2250 1693 2373 1753 sta-

356 1777 477 1841 tim
537 1777 716 1840 dixit.
807 1776 952 1841 Etsi
1011 1781 1148 1841 erat
1204 1777 1407 1853 ἕωλος
1464 1778 1577 1841 illa
1634 1777 1936 1862 epistula,
1993 1777 2371 1862 praesertim
2400 1795 2450 1834 15

355 1865 554 1928 tantis
606 1869 829 1950 postea
882 1866 1067 1929 novis
1120 1865 1312 1930 rebus
1368 1865 1624 1948 adlatis,
1676 1869 1891 1930 tamen
1943 1866 2153 1950 perire
2196 1866 2371 1929 lucu-

355 1953 716 2018 brationem
774 1975 983 2017 meam
1040 1953 1220 2018 nolui
1280 1957 1345 2018 et
1403 1973 1563 2018 eam·
1601 1954 1805 2038 ipsam
1868 1952 2135 2018 Caninio
2198 1953 2371 2038 dedi3

356 2042 467 2105 sed
511 2063 658 2106 cum
703 2063 778 2106 eo
824 2045 898 2105 ut
942 2063 1088 2106 cum
1139 2042 1401 2105 homine
1448 2043 1636 2106 docto
1682 2046 1747 2106 et
1791 2041 2229 2106 amantissimo
2274 2041 2373 2104 tui

353 2130 608 2194 locutus
654 2152 726 2194 ea
771 2152 940 2214 sum,
1001 2151 1162 2214 quae
1205 2131 1545 2214 pertulisse
1589 2130 1775 2194 illum
1820 2129 1901 2193 ad
1943 2134 2009 2194 te
2055 2130 2370 2194 existimo.

283 2235 316 2284 2
355 2217 504 2281 Tibi
558 2222 772 2283 autem
830 2218 1000 2282 idem
1055 2218 1308 2281 consilii
1368 2217 1449 2282 do
1505 2218 1678 2302 quod
1734 2218 2031 2282 mihimet
2088 2217 2239 2303 ipsi,
2299 2221 2372 2281 ut
2399 2235 2449 2275 20

353 2305 631 2369 vitemus
677 2305 895 2370 oculos
937 2306 1300 2391 hominum,
1346 2306 1402 2370 si
1445 2306 1698 2392 linguas
1741 2306 1955 2371 minus
1999 2307 2185 2371 facile
2229 2327 2373 2390 pos-

354 2393 579 2478 simus3
626 2394 738 2477 qui
783 2395 954 2458 enim
998 2395 1270 2459 victoria
1314 2417 1381 2458 se
1426 2395 1723 2478 efferunt,
1779 2394 1961 2478 quasi
2004 2395 2210 2458 victos
2253 2415 2372 2459 nos

353 2481 712 2566 intuentur,
776 2482 889 2566 (1111
951 2486 1164 2547 autem
1222 2483 1429 2546 victos
1490 2487 1746 2547 nostros
1807 2484 2077 2547 moleste
2138 2483 2371 2566 ferunt,

353 2591 472 2634 nos
520 2570 738 2634 dolent
781 2571 1011 2634 vivere.
1073 2570 1351 2647 Quaeres
1395 2572 1690 2655 fortasse,
1737 2592 1867 2656 cur,
1914 2593 2057 2634 cum
2101 2570 2259 2634 haec
2303 2571 2373 2634 in

352 2656 512 2721 urbe
558 2657 712 2743 sint,
765 2680 896 2722 non
950 2659 1154 2742 apsim
1199 2681 1391 2742 quem
1445 2659 1526 2722 ad
1569 2659 1831 2723 modum
1876 2662 1966 2722 tu.
2056 2657 2155 2722 Tu
2200 2658 2373 2722 enim
2400 2675 2452 2716 25

353 2745 508 2829 ipse,
555 2746 666 2829 qui
703 2749 767 2810 et
801 2768 904 2811 me
941 2750 1005 2810 et
1042 2747 1202 2810 alios
1246 2747 1587 2830 prudentia
1621 2747 1841 2831 vincis,
1888 2747 2120 2831 omnia,
2165 2746 2373 2830 crede,

352 2834 600 2918 vidisti,
655 2834 822 2898 nihil
874 2838 940 2898 te
996 2835 1257 2898 omnino
1312 2835 1559 2899 fefellit.
1652 2834 1809 2911 Quis
1868 2839 1965 2900 est
2017 2839 2151 2899 tam
2204 2833 2374 2918 Lyn-

353 2943 526 3006 ceus,
584 2923 696 3005 qui
751 2923 818 2986 in
874 2922 1072 2986 tantis
1125 2923 1409 2987 tenebris
1466 2923 1632 2986 nihil
1692 2924 1998 3008 offendat,
2056 2944 2373 3006 nusquam

281 3027 314 3075 3
353 3009 681 3075 incurrat?
724 3009 823 3074 Ac
857 3011 1020 3074 mihi
1057 3010 1317 3094 quidem
1352 3011 1481 3074 iam
1516 3012 1765 3096 pridem
1791 3011 1969 3076 venit
1996 3011 2064 3074 in
2090 3014 2374 3075 mentem

351 3097 594 3162 bellum
649 3120 784 3163 esse
839 3099 1055 3182 aliquo
1111 3099 1311 3184 exire,
1366 3103 1439 3163 ut
1484 3122 1583 3184 ea,
1643 3121 1805 3183 quae
1850 3100 2206 3186 agebantur
2247 3099 2374 3182 hic,
2402 3118 2455 3157 ao

352 3207 640 3269 quaeque
701 3187 1101 3272 dicebantur,
1159 3209 1277 3251 nec
1335 3187 1619 3252 viderem
1675 3209 1794 3252 nec
1851 3188 2153 3252 audirem.
2247 3185 2377 3251 Sed

351 3274 788 3338 calumniabar
831 3275 993 3360 ipse3
1038 3276 1364 3360 putabam,
1411 3276 1522 3360 qui
1569 3276 1825 3341 obviam
1869 3276 2033 3340 mihi
2078 3274 2375 3360 venisset,

350 3365 424 3425 ut
477 3362 706 3446 cuique
765 3365 1172 3428 commodum
1231 3367 1423 3449 esset,
1482 3365 1953 3448 suspicaturum
2007 3367 2119 3427 aut
2173 3363 2375 3427 dictu-

350 3471 512 3534 rum,
557 3451 810 3515 etiamsi
853 3473 985 3516 non
1031 3451 1487 3536 suspicaretur:
1553 3453 1572 3482 ‘
1585 3452 1712 3516 Hic
1758 3456 1869 3516 aut
1912 3452 2145 3517 metuit
2190 3454 2257 3536 et
2300 3473 2378 3516 ea
