2567 3884
925 146 1142 200 LIBER
1178 148 1228 201 V
1266 154 1315 202 8.
2010 150 2137 214 115

96 311 238 354 esse
300 290 694 354 coniunctus.
808 287 948 365 Quo
1011 290 1270 373 quidem
1334 312 1413 354 ex
1472 294 1762 374 tempore
1822 293 2137 357 memoria

94 382 288 442 teneo
335 399 542 462 neque
585 398 796 440 meam
843 377 964 441 tibi
1003 378 1477 443 observantiam
1513 401 1720 464 neque
1755 380 1918 443 mihi
1953 386 2133 446 tuam

95 488 419 530 summam
472 465 975 530 benivolentiam
1031 488 1104 530 ac
1164 467 1621 531 liberalitatem
1676 467 1968 533 defuisse.
2062 468 2152 533 Si¹

95 576 264 638 quae
310 554 674 618 inciderunt
727 575 859 617 non
913 557 1047 619 tam
1101 577 1171 619 re
1227 577 1421 639 quam
1468 555 1829 640 suspicione
1873 557 2131 641 violata,

35 661 64 701 5
96 665 191 728 ea,
239 664 386 706 cum
431 641 674 706 fuerint
719 645 784 705 et
829 641 992 705 falsa
1037 647 1101 707 et
1137 642 1369 728 inania,
1416 644 1547 707 sint
1583 644 1802 708 evulsa
1837 666 1916 708 ex
1955 646 2132 709 omni

92 730 413 795 memoria
464 729 726 813 vitaque
779 734 1015 794 nostra.
1105 729 1171 795 Is
1225 731 1399 796 enim
1456 735 1529 795 tu
1573 732 1677 795 vir
1720 754 1813 818 es,
1874 737 1938 797 et
1984 754 2131 797 eum

93 840 202 883 me
250 839 386 883 esse
431 817 648 902 cupio,
703 821 803 903 ut,
859 818 1163 901 quoniam
1210 819 1279 883 in
1325 820 1545 883 eadem
1590 820 1684 884 rei
1729 843 1790 904 p.
1837 823 2132 905 tempora

93 906 460 991 incidimus,
497 905 1015 971 coniunctionem
1043 907 1520 991 amicitiamque
1548 911 1836 972 nostram
1872 910 2131 993 utrique

91 998 395 1059 nostrum
441 957 625 1058 laudi
679 1015 928 1078 sperem
974 995 1128 1059 fore.
1221 994 1428 1071 Quam
1474 995 1558 1059 ob
1606 1018 1743 1060 rem
1788 1000 1860 1060 tu
1869 1048 1887 1082 ,
1935 1019 2129 1080 quan-

8 1106 63 1145 ιο
92 1088 243 1147 tum
286 1087 401 1147 tuo
456 1082 696 1146 iudicio
741 1082 1157 1146 tribuendum
1204 1104 1339 1147 esse
1384 1083 1574 1147 nobis
1618 1088 1832 1169 putes,
1887 1088 2129 1149 statues

92 1173 236 1256 ipse
283 1175 365 1256 et,
410 1175 484 1234 ut
528 1191 733 1254 spem,
779 1172 1020 1234 statues
1056 1192 1135 1235 ex
1171 1175 1395 1235 nostra
1431 1171 1771 1272 dignitate3
1818 1194 1938 1259 ego
1974 1194 2128 1237 vero

90 1259 223 1324 tibi
294 1259 605 1343 profiteor
667 1262 860 1343 atque
921 1259 1232 1343 polliceor
1295 1259 1603 1324 eximium
1668 1263 1733 1323 et
1804 1260 2128 1346 singulare

90 1369 315 1412 meum
373 1347 658 1410 studium
717 1346 786 1409 in
845 1347 1023 1411 omni
1075 1369 1309 1433 genere
1364 1348 1594 1431 officii,
1655 1349 1829 1430 quod
1883 1349 1964 1411 ad
2015 1348 2129 1413 ho-

89 1438 414 1500 nestatem
479 1439 544 1499 et
606 1434 884 1520 gloriam
946 1439 1125 1498 tuam
1189 1439 1450 1519 spectet.
1540 1434 1619 1500 In
1683 1458 1811 1520 quo
1876 1437 2128 1501 etiamsi

3 1547 62 1587 15
89 1523 291 1588 multi
325 1544 578 1587 mecum
614 1523 1018 1608 contendent,
1061 1527 1278 1587 tamen
1325 1545 1471 1587 cum
1517 1524 1783 1609 reliquis
1828 1525 2129 1589 omnibus

89 1617 240 1677 tum
279 1609 523 1676 Crassis
557 1610 689 1674 tuis
724 1611 1045 1675 iudicibus
1082 1632 1304 1676 omnes
1338 1612 1526 1676 facile
1572 1612 1919 1698 superab03
1966 1635 2127 1697 quos

92 1700 360 1784 quidem
405 1721 526 1785 ego
573 1699 764 1763 ambo
810 1699 996 1764 unice
1043 1699 1270 1786 dilige,
1332 1700 1445 1764 sed
1489 1700 1557 1763 in
1601 1699 1892 1765 Marcum
1938 1701 2126 1765 bene-

89 1788 380 1853 volentia
441 1787 584 1872 pari
645 1787 771 1851 hoc
831 1788 1039 1874 magis
1102 1810 1245 1852 sum
1301 1786 1539 1852 Publio
1606 1789 1887 1874 deditus,
1953 1790 2127 1873 quod

88 1899 231 1961 me,
297 1897 684 1960 quamquam
749 1897 787 1939 a
847 1875 1126 1959 pueritia
1190 1896 1306 1940 sua
1369 1898 1649 1962 semper,
1723 1881 1938 1941 tamen
2000 1877 2127 1941 hoc

0 1989 59 2028 20
88 1970 387 2048 tempore
440 1964 718 2028 maxime
773 1963 940 2028 sicut
994 1964 1269 2028 alterum
1322 1969 1654 2049 parentem
1709 1969 1774 2028 et
1828 1965 2127 2030 observat

91 2057 161 2118 et
209 2053 325 2116 dili
374 2052 443 2116 it.

226 2075 373 2205 Ha}
407 2140 658 2204 litteras
702 2139 896 2204 velim
942 2139 1268 2204 existimes
1305 2140 1582 2205 foederis
1617 2141 1952 2205 habituras
1988 2162 2124 2206 esse

87 2231 256 2331 vim,
310 2249 443 2293 non
488 2226 826 2312 epistulae,
879 2249 1109 2311 meque
1155 2250 1254 2313 ea,
1312 2249 1474 2311 quae
1518 2229 1645 2293 tibi
1689 2229 2004 2312 promitto
2051 2251 2125 2294 ac

87 2317 364 2402 recipio,
410 2316 825 2380 sanctissume
871 2337 1006 2379 esse
1053 2316 1543 2381 observaturum
1590 2317 2126 2404 diligentissume·

0 2427 59 2468 2⁵
86 2427 219 2559 ¹que
244 2426 432 2557 *esset
450 2405 822 2555 faffiumfmt
881 2402 1077 2575 (guae
1109 2427 1148 2467 a
1189 2426 1295 2468 me
1351 2409 1644 2506 suscepta
1694 2406 2011 2558 defensiol
2026 2409 2124 2470 est

119 2514 469 2558 easene
736 2513 857 2555 ais
933 2513 1050 2555 uae
1132 2492 1202 2555 in
1256 2514 1332 2556 ea
1385 2492 2122 2560 iameononsoum

87 2581 415 2647 amicitiae
479 2515 761 2664 nosffie,
826 2580 937 2644 sed
991 2580 1184 2643 etiam
1244 2516 1651 2645 constantia}
1696 2604 1876 2646 meae
1936 2603 2124 2646 causa

85 2669 501 2756 permanebo.
593 2668 799 2744 Quam
845 2667 929 2732 ob
976 2690 1112 2732 rem
1159 2669 1315 2733 satis
1360 2690 1495 2734 esse
1540 2669 1666 2734 hoc
1699 2674 1990 2754 tempore
2026 2691 2123 2733 ar-

85 2760 374 2824 bitratus
419 2778 561 2822 sum
606 2756 732 2820 hoc
776 2756 856 2820 ad
900 2760 966 2820 te
1011 2756 1316 2842 scribere,
1369 2778 1499 2841 me,
1545 2758 1601 2822 si
1648 2758 1804 2841 quid
1847 2759 1983 2840 ipse
2028 2757 2124 2821 in-

0 2871 56 2910 30
83 2847 468 2933 tellegerem
523 2849 635 2909 aut
688 2845 769 2908 ad
814 2843 1212 2909 voluntatem
1266 2849 1379 2910 aut
1433 2846 1514 2909 ad
1560 2846 1966 2910 commodum
2012 2849 2124 2908 aut

82 2936 171 3002 ad
227 2933 719 3018 amplitudinem
763 2935 943 2995 tuam
986 2934 1332 3018 pertinere,
1388 2955 1532 2998 mea
1584 2936 1811 3017 sponte
1865 2933 1933 2996 id
1986 2955 2122 2996 esse

81 3027 442 3108 facturum3
501 3022 602 3086 sin
655 3024 869 3085 autem
924 3021 1254 3106 quippiam
1310 3025 1421 3085 aut
1467 3044 1505 3086 a
1549 3025 1613 3085 te
1660 3042 1862 3084 essem
1908 3021 2122 3084 admo-

81 3114 268 3178 nitus
306 3115 419 3175 aut
455 3132 493 3174 a
527 3110 675 3195 tuis,
721 3110 1113 3193 effecturum,
1159 3114 1233 3172 ut
1269 3109 1676 3196 intellegeres
1710 3108 1879 3172 nihil
1912 3130 2121 3192 neque

80 3206 151 3267 te
211 3198 542 3284 scripsisse
595 3220 803 3282 neque
860 3219 1244 3281 quemquam
1299 3202 1561 3262 tuorum
1607 3198 1848 3261 frustra
1892 3197 1973 3261 ad
2016 3220 2120 3261 me

0 3310 52 3350 35
83 3288 414 3355 detulisse.
507 3285 713 3363 Quam
750 3287 834 3351 ob
872 3307 1008 3350 rem
1053 3286 1247 3350 velim
1293 3287 1387 3350 ita
1431 3289 1497 3350 et
1542 3286 1677 3371 ipse
1716 3286 1795 3349 ad
1829 3308 1934 3350 me
1971 3287 2121 3350 scri-

81 3380 206 3443 bas
254 3377 333 3441 de
381 3375 679 3441 omnibus
723 3374 1035 3457 minimis,
1081 3375 1406 3459 maximis,
1450 3374 1883 3439 mediocribus
1928 3374 2120 3439 rebus

80 3471 160 3532 ut
227 3465 312 3530 ad
373 3464 702 3530 hominem
766 3461 1222 3527 amicissimum
1286 3466 1353 3527 et
1414 3463 1545 3528 tuis
1602 3463 1983 3548 praecipias,
2046 3465 2121 3526 ut

1690 3567 1762 3620 8*

2165 1013 2200 1061 4
