2567 3884
797 147 1017 201 LmER
1050 148 1129 203 1v
1166 156 1217 219 2,
1255 155 1306 205 3.
1983 152 2069 216 83

997 360 1113 427 ΠΙ.

376 483 489 539 Ser.
530 482 741 538 Romae
782 489 910 538 ante
956 483 1049 537 VI
1078 483 1152 538 K.
1191 484 1325 539 Dec.
1364 502 1415 539 a.
1457 488 1571 539 708
1610 488 1742 555 (46).

468 605 557 661 ·M.
597 604 854 659 CICERO
894 605 947 661 S.
984 605 1051 662 D.
1091 605 1242 661 SER.
1285 605 1625 664 SULPICIO.

170 732 607 797 Vehementer
657 736 725 797 te
778 754 915 796 esse
970 732 1322 797 sollicitum
1375 737 1441 797 et
1496 733 1564 796 in
1620 735 2070 800 communibus

0 821 316 885 ’·miseriis
370 821 715 905 praecipuo
772 820 1049 904 quodam
1105 820 1328 885 dolore
1384 821 1536 908 angi
1588 822 1782 886 multi
1827 824 1910 887 ad
1952 845 2072 888 nos

37 909 275 974 cotidie
332 910 643 973 deferunt
735 907 923 985 Quod
976 930 1366 993 quamquam
1424 909 1691 974 minime
1749 912 1954 976 miror
2008 916 2073 976 et

34 1019 254 1062 meum
291 997 570 1081 quodam
605 997 799 1061 modo
837 1018 1133 1083 agnosce,
1181 997 1367 1061 doleo
1402 1002 1620 1061 tamen
1654 1003 1721 1062 te
1758 1000 2074 1083 sapientia

33 1085 400 1170 praeditum
445 1107 647 1169 prope
692 1085 1005 1171 singulari
1048 1107 1181 1150 non
1225 1085 1358 1150 tuis
1394 1086 1584 1150 bonis
1622 1085 1926 1151 delectari
1959 1110 2073 1171 po-

34 1175 169 1238 tius
230 1196 422 1275 quam
481 1173 707 1237 alienis
765 1174 953 1238 malis
1009 1172 1322 1238 laborare.
1425 1172 1533 1238 Me
1593 1174 1883 1259 quidem,
1948 1177 2072 1240 etsi

0 1261 282 1327 »nemini
327 1262 631 1346 concedo,
677 1262 790 1346 qui
833 1261 1145 1326 maiorem
1189 1283 1270 1326 ex
1313 1262 1595 1345 pernicie
1641 1266 1707 1326 et
1749 1268 1931 1348 peste
1974 1265 2071 1328 rei

35 1350 334 1435 publicae
387 1350 752 1415 molestiam
803 1349 1101 1434 traxerit,
1159 1352 1378 1414 tamen
1421 1351 1628 1415 multa
1673 1351 1802 1415 iam
1849 1373 2070 1416 conso-

33 1440 258 1503 lantur
325 1439 732 1522 maximeque
805 1437 1194 1502 conscientia
1271 1438 1687 1502 consiliorum
1759 1461 2068 1505 meorum.

34 1527 251 1591 Multo
295 1526 469 1591 enim
514 1531 662 1590 ante
706 1530 1036 1610 tamquam
1082 1547 1162 1590 ex
1205 1526 1423 1609 aliqua
1467 1527 1724 1610 specula
1766 1529 2070 1612 prospexi

34 1619 486 1700 tempestatem
529 1616 833 1699 futuram,
878 1635 1085 1699 neque
1129 1614 1199 1677 id
1241 1616 1453 1678 solum
1488 1636 1632 1679 mea
1666 1620 1914 1702 sponte,
1958 1616 2071 1680 sed

0 1705 247 1768 »multo
303 1704 498 1767 etiam
551 1703 760 1789 magis
813 1706 1115 1767 monente
1162 1706 1225 1766 et
1286 1702 1706 1768 denuntiante
1749 1708 1832 1768 te.
1924 1703 2070 1769 Etsi

36 1792 213 1856 enim
271 1791 406 1855 afui
462 1814 765 1877 magnam
823 1795 1074 1875 partem
1129 1790 1498 1855 consulatus
1551 1792 1682 1877 tui,
1739 1796 1957 1855 tamen
2004 1797 2070 1856 et

36 1881 268 1944 absens
324 1880 813 1965 cognoscebam,
874 1901 1037 1963 quae
1089 1879 1256 1943 esset
1309 1883 1425 1943 tua
1478 1880 1547 1943 in
1591 1880 1716 1944 hoc
1759 1881 2068 1963 pestifero

35 1968 211 2033 bello
271 1967 550 2032 cavendo
606 1971 672 2031 et
722 1967 1147 2052 praedicendo
1193 1967 1536 2052 sententia,
1596 1972 1662 2031 et
1707 1968 1844 2051 ipse
1890 1968 2070 2032 adfui

33 2057 265 2141 primis
317 2055 720 2140 temporibus
774 2057 874 2119 tui
928 2054 1297 2119 consulatus
1310 2107 1329 2140 ,
1388 2077 1535 2119 cum
1595 2056 2069 2121 accuratissime

0 2144 349 2209 ·monuisti
408 2148 701 2209 senatum
764 2144 1069 2209 conlectis
1134 2144 1434 2207 omnibus
1498 2144 1686 2207 bellis
1751 2144 2068 2229 civilibus,

34 2237 111 2297 ut
157 2237 222 2297 et
247 2232 380 2296 filla
422 2232 743 2317 timerent,
790 2254 953 2316 quae
997 2232 1465 2315 meminissent,
1511 2236 1576 2296 et
1621 2232 1876 2317 scirent,
1922 2255 2068 2297 cum

34 2321 400 2406 superiores
452 2321 634 2385 nullo
687 2320 805 2384 tali
860 2321 1152 2403 exemplo
1199 2324 1388 2384 antea
1432 2320 1501 2383 in
1548 2342 1616 2384 re
1661 2320 1922 2406 publica
1968 2343 2069 2386 co-

32 2410 223 2496 gnito
283 2413 418 2473 tam
477 2408 763 2473 crudeles
826 2408 1130 2493 fuissent,
1194 2407 1582 2492 quicumque
1644 2413 1869 2493 postea
1931 2431 2068 2473 rem

30 2498 364 2582 publicam
432 2496 851 2580 oppressisset
921 2496 1147 2580 armis,
1218 2497 1429 2561 multo
1493 2496 2068 2561 intolerabiliorem

32 2588 346 2650 futurum.
434 2584 623 2669 Nam,
670 2585 847 2668 quod
890 2585 1184 2669 exemplo
1228 2586 1332 2670 fit,
1386 2584 1455 2648 id
1500 2584 1696 2649 etiam
1741 2586 1881 2649 iure
1925 2586 2068 2649 fieri

30 2669 294 2759 putant,
350 2674 463 2738 sed
507 2673 755 2757 aliquid
797 2676 990 2757 atque
1035 2673 1192 2737 adeo
1247 2673 1455 2737 multa
1499 2672 1744 2737 addunt
1788 2677 1854 2737 et
1898 2673 2068 2736 adfe-

30 2766 191 2828 runt
237 2763 321 2833 de
358 2782 492 2826 suc.
584 2760 793 2838 Quare
837 2761 1203 2825 meminisse
1242 2761 1434 2825 debes
1471 2782 1598 2845 eos,
1645 2761 1757 2845 qui
1794 2760 2068 2824 auctori-

30 2856 238 2915 tatem
283 2853 349 2914 et
395 2850 735 2914 consilium
778 2854 965 2913 tuum
1009 2871 1141 2914 non
1186 2849 1318 2913 sint
1363 2850 1583 2933 secuti,
1629 2871 1745 2913 sua
1790 2849 2069 2912 stultitia

32 2938 344 3005 occidisse
358 2988 375 3021 ,
449 2959 595 3002 cum
665 2942 780 3002 tua
849 2938 1193 3022 prudentia
1254 2938 1415 3003 salvi
1480 2959 1615 3002 esse
1686 2936 2066 3021 potuissent.

0 3028 258 3092 ·Dices:
310 3026 505 3102 ‘Quid
546 3047 651 3090 me
696 3026 822 3090 ista
866 3048 967 3090 res
1013 3027 1381 3090 consolatur
1425 3026 1494 3089 in
1538 3026 1739 3089 tantis
1781 3024 2068 3089 tenebris

31 3121 100 3181 et
138 3115 324 3200 quasi
366 3114 701 3199 parietinis
738 3114 833 3178 rei
866 3113 1237 3198 publicae?'
1311 3114 1434 3177 Est
1470 3113 1734 3177 omnino
1771 3112 1882 3177 vix
1920 3134 2066 3177 con-

31 3203 327 3269 solabilis
387 3202 601 3288 dolor3
656 3206 839 3266 tanta
902 3206 999 3266 est
1058 3202 1347 3267 omnium
1407 3224 1622 3267 rerum
1682 3200 1943 3265 amissio
2003 3204 2070 3264 et

33 3291 398 3376 desperatio
458 3290 900 3376 recuperandi3
957 3291 1071 3355 sed
1113 3294 1330 3355 tamen
1385 3294 1451 3355 et
1498 3289 1729 3354 Caesar
1782 3289 1920 3374 ipse
1974 3289 2069 3353 ita

32 3382 114 3446 de
159 3385 226 3445 te
272 3379 531 3465 iudicat,
576 3384 642 3444 et
688 3400 908 3444 omnes
954 3378 1123 3443 cives
1169 3379 1263 3443 sic
1307 3378 1696 3464 existimant,
1743 3378 1926 3462 quasi
1972 3379 2068 3442 lu-

0 3491 183 3535 ›men
248 3468 512 3553 aliquod
574 3468 876 3533 extinctis
939 3467 1168 3532 ceteris
1226 3466 1474 3532 elucere
1533 3467 1941 3532 sanctitatem
2001 3471 2067 3532 et

1635 3572 1702 3624 6*

2111 752 2141 801 1

2129 3589 2291 3840 f,
