2567 3884
321 176 404 240 66
1069 173 1586 228 EPISTULARUM

319 319 389 382 in
433 318 548 382 illo
595 318 856 400 sumptu
900 337 1032 381 non
1085 316 1441 380 necessario
1487 316 1833 402 neglegens
1878 337 2029 380 esse.
2122 315 2239 400 Tu,
2286 315 2351 381 si

316 407 508 471 istius
541 405 718 470 modi
764 425 1088 469 sermones
1132 404 1214 468 ad
1257 408 1325 467 te
1372 404 1565 468 delati
1614 404 1691 467 de
1726 425 1829 467 me
1866 407 2033 488 sunt,
2069 425 2203 468 non
2242 404 2347 467 de-

319 495 520 558 buisti
557 493 838 576 credere3
881 493 937 555 si
975 495 1191 556 autem
1225 492 1353 556 hoc
1386 513 1619 577 genere
1659 492 2007 575 delectaris,
2043 496 2134 576 ut,
2182 513 2349 576 quae

319 583 443 646 tibi
488 582 558 646 in
601 583 884 646 mentem
928 581 1216 663 veniant,
1269 580 1415 643 aliis
1460 579 1817 664 adtribuaS,
1860 601 2064 666 genus
2108 601 2351 644 sermo-

319 671 422 734 nis
465 669 717 733 inducis
760 669 830 732 in
876 668 1226 732 amicitiam
1269 668 1537 732 minime
1580 668 1862 732 liberale.
1954 667 2129 753 Ego,
2178 668 2233 732 si
2278 668 2351 731 in
2414 685 2444 726 5

318 758 652 842 provincia
707 757 784 820 de
842 759 958 820 tua
1000 758 1172 820 fama
1219 756 1551 820 detrahere
1596 778 1902 839 umquam
1946 755 2351 841 cogitassem,

321 868 454 910 non
497 847 545 931 †
553 867 863 932 generum
906 849 1094 909 tuum
1127 844 1436 908 libertum
1472 843 1779 908 Brundisi
1812 865 2018 928 neque
2056 844 2138 907 ad
2170 866 2352 928 prae-

322 935 564 999 fectum
616 933 874 997 fabrum
929 931 1271 1016 Corcyrae,
1337 953 1529 1016 quem
1582 932 1652 995 in
1708 933 1921 996 locum
1974 953 2079 996 me
2129 933 2353 996 venire

322 1022 539 1106 velleS,
582 1020 960 1084 retulissem.
1052 1019 1260 1096 Quare
1306 1024 1491 1104 potes
1543 1020 1927 1084 doctissimis
1974 1019 2353 1084 hominibus

326 1109 698 1174 auctoribus
704 1160 722 1193 ,
779 1129 1053 1191 quorum
1100 1112 1250 1172 sunt
1298 1109 1375 1171 de
1421 1107 1705 1172 amicitia
1747 1108 2027 1194 gerenda
2068 1109 2350 1192 praecla—
2380 1126 2441 1165 1⁰
2566 1158 2567 1197 ξ

326 1198 577 1263 rissime
623 1195 846 1279 scripti
889 1196 1064 1280 libri,
1108 1217 1313 1282 genus
1348 1196 1473 1259 hoc
1507 1200 1721 1260 totum
1758 1196 2069 1260 orationis
2093 1195 2351 1260 tollere:

327 1284 914 1369 ‘Disputabant,
995 1305 1134 1370 ego
1218 1288 1489 1348 contra
1572 1284 2069 1368 disserebam3
2152 1284 2353 1348 dice-

259 1392 291 1440 6
328 1374 543 1457 bant,
590 1393 730 1458 ego
775 1372 1191 1457 negabam'.
1281 1371 1389 1436 An
1424 1371 1587 1436 mihi
1626 1372 1702 1435 de
1738 1375 1804 1435 te
1839 1371 2006 1436 nihil
2050 1393 2187 1436 esse
2224 1372 2354 1435 dic-

327 1465 470 1525 tum
523 1482 830 1544 umquam
873 1461 1106 1543 putas?
1160 1482 1242 1523 ne
1286 1459 1413 1524 hoc
1458 1459 1743 1544 quidem,
1799 1460 1997 1543 quod,
2057 1481 2203 1523 cum
2246 1481 2353 1524 me

327 1548 708 1616 Laodiceam
770 1548 989 1612 venire
1051 1547 1392 1632 voluisses,
1464 1547 1748 1612 Taurum
1809 1548 1947 1631 ipse
2018 1547 2352 1611 transisti?
2382 1563 2439 1604 1⁵

331 1637 506 1720 quod
567 1637 771 1700 isdem
844 1635 1068 1699 diebus
1137 1658 1320 1700 meus
1391 1639 1743 1701 conventus
1813 1640 1951 1699 erat
2010 1635 2354 1719 Apameae,

331 1724 654 1809 Synnade,
698 1723 1062 1806 Philomeli,
1105 1727 1257 1788 tuus
1301 1723 1530 1788 Tarsi?
1573 1723 1641 1789 N
1643 1745 1728 1788 on
1764 1723 1971 1788 dicam
2004 1725 2209 1808 plura,
2253 1745 2355 1807 ne,

332 1813 402 1876 in
458 1833 587 1896 quo
640 1816 706 1876 te
762 1811 1098 1897 obiurgem
1110 1861 1128 1894 ,
1197 1811 1268 1875 id
1320 1812 1533 1895 ipsum
1585 1813 1806 1876 videar
1859 1812 2129 1897 imitari3
2191 1811 2358 1874 illud

335 1901 558 1985 dicam,
603 1903 678 1964 ut
724 1899 957 1963 sentio:
1006 1898 1076 1963 Si
1121 1899 1270 1984 ista,
1318 1921 1480 1983 quae
1526 1900 1687 1964 alios
1739 1900 1922 1983 loqui
1978 1899 2162 1984 dicis,
2215 1899 2357 1983 ipse

333 1989 548 2073 sentis,
584 1991 698 2052 tua
733 2009 982 2052 summa
1018 1987 1205 2071 culpa
1240 1991 1368 2073 est3
1415 1988 1514 2051 sin
1551 1991 1765 2052 autem
1802 1988 1912 2052 alii
1948 1990 2161 2052 tecum
2196 1987 2357 2051 haec
2384 2003 2440 2043 20

331 2078 650 2160 locuntur,
708 2079 823 2140 tua
865 2080 1099 2159 tamen,
1146 2076 1322 2158 quod
1364 2075 1565 2159 audiS,
1610 2077 1799 2159 culpa
1840 2097 1973 2140 non
2016 2076 2197 2139 nulla
2240 2078 2354 2138 est.

332 2163 480 2228 Mea
532 2165 699 2227 ratio
753 2164 823 2226 in
875 2167 1016 2227 tota
1068 2163 1354 2226 amicitia
1404 2168 1627 2228 nostra
1680 2167 1978 2228 constans
2030 2167 2097 2228 et
2138 2163 2358 2249 gravis

269 2256 285 2274 ⁶
334 2252 703 2336 reperietur.
777 2250 1019 2327 Quodsi
1057 2251 1168 2334 qui
1211 2273 1317 2315 me
1361 2252 1737 2316 astutiorem
1772 2253 1979 2338 fingit,
2026 2251 2181 2336 quid
2214 2254 2357 2335 pot-

336 2344 434 2404 est
479 2360 615 2403 esse
660 2339 954 2404 callidius
1001 2361 1218 2422 quam,
1274 2360 1421 2403 cum
1473 2343 1539 2404 te
1585 2339 1913 2404 absentem
1959 2361 2209 2423 semper
2254 2339 2359 2403 de-

335 2427 679 2511 fenderem,
724 2448 870 2491 cum
913 2427 1291 2512 praesertim
1334 2427 1497 2491 mihi
1542 2449 1663 2492 usu
1706 2431 2048 2492 venturum
2091 2448 2223 2491 non
2260 2449 2358 2491 ar·
2386 2441 2441 2483 8⁵

336 2516 629 2599 bitrarer,
674 2519 747 2578 ut
784 2536 904 2601 ego
941 2536 1196 2599 quoque
1233 2538 1271 2578 a
1306 2518 1372 2578 te
1408 2515 1636 2578 absens
1673 2515 2102 2580 defendendus
2137 2537 2359 2599 essem,

337 2625 507 2668 nunc
551 2603 969 2687 committere,
1014 2607 1088 2668 ut
1131 2606 1205 2667 tu
1249 2603 1389 2666 iure
1437 2603 1681 2686 optimo
1726 2625 1829 2667 me
1883 2607 2210 2687 apsentem
2257 2603 2361 2667 de-

270 2711 298 2758 7
341 2713 548 2756 serere
591 2692 854 2775 posses?
915 2690 1135 2756 Unum
1178 2713 1383 2776 genus
1429 2691 1677 2775 excipio
1724 2692 2060 2776 sermonis,
2114 2691 2183 2754 in
2230 2713 2359 2774 quo

339 2801 642 2865 persaepe
688 2779 934 2863 aliquid
979 2779 1238 2862 dicitur,
1295 2779 1469 2862 quod
1512 2783 1577 2842 te
1621 2784 1842 2862 putem
1886 2780 2060 2843 nolle
2107 2779 2257 2862 dici,
2306 2779 2361 2842 si

339 2873 451 2932 aut
493 2869 856 2954 legatorum
899 2872 1162 2931 tuorum
1207 2867 1536 2950 quoipiam
1582 2871 1693 2930 aut
1735 2867 2206 2951 praefectorum
2250 2870 2363 2930 aut
2390 2883 2455 2947 ³⁰⁴

338 2957 750 3020 tribunorum
803 2956 1085 3019 militum
1138 2955 1306 3018 male
1353 2955 1613 3040 dicitur3
1672 2956 1847 3038 quod
1888 2959 2104 3019 tamen
2147 2954 2363 3039 ipsum

340 3066 470 3109 non
515 3045 877 3108 mehercule
922 3044 1130 3108 adhuc
1173 3043 1422 3128 accidit,
1466 3065 1570 3108 me
1616 3044 1911 3107 audiente
1955 3047 2029 3107 ut
2066 3046 2176 3106 aut
2221 3065 2365 3128 gra-

340 3133 484 3197 vius
544 3133 860 3196 diceretur
913 3136 1024 3196 aut
1078 3131 1146 3194 in
1198 3131 1434 3215 pluris,
1495 3153 1686 3214 quam
1740 3152 1990 3195 mecum
2046 3129 2365 3214 Corcyrae

344 3219 606 3284 Clodius
651 3223 748 3284 est
791 3221 1070 3302 locutuS,
1117 3239 1261 3282 cum
1308 3219 1376 3282 in
1422 3240 1497 3283 eo
1543 3241 1776 3304 genere
1818 3219 2097 3283 maxime
2144 3240 2365 3302 quere-

342 3311 518 3370 retur
562 3311 627 3370 te
672 3308 946 3372 aliorum
982 3307 1398 3391 improbitate
1432 3306 1647 3370 minus
1681 3307 1932 3372 felicem
1967 3307 2179 3370 fuisse.
2226 3305 2369 3370 Hos
2394 3322 2449 3363 ⁸5

343 3415 464 3495 ego
520 3416 867 3481 sermones,
923 3395 1098 3478 quod
1151 3398 1215 3457 et
1268 3394 1458 3457 multi
1514 3399 1664 3458 sunt
1709 3399 1773 3460 et
1817 3399 1997 3459 tuam
2044 3394 2367 3458 existima-

342 3483 612 3567 tionem,
667 3487 740 3546 ut
795 3504 914 3569 ego
971 3482 1203 3566 sentio,
1257 3504 1390 3545 non
1436 3482 1793 3567 offendunt,
1846 3483 2138 3548 lacessivi
2184 3505 2369 3547 num-
