2567 3884
935 238 1155 291 LIBER.
1188 239 1319 292 xm
1355 244 1584 294 23-26,
2157 239 2288 304 389

248 382 315 444 et
354 380 528 444 dicta
570 380 892 445 laudabat.
984 380 1408 467 Quapropter,
1455 382 1576 446 etsi
1623 404 1661 445 a
1704 385 1771 446 te
1817 382 1910 445 ita
1955 386 2288 469 tractatur,
2325 402 2357 448 3

247 471 324 532 ut
368 469 502 533 iam
546 490 681 533 non
730 470 1048 534 desideret
1094 471 1716 535 commendationem
1760 492 1970 535 meam
2017 472 2289 555 unisque

248 578 317 620 se
370 557 611 621 litteris
665 558 827 622 meis
883 558 1099 622 omnia
1154 562 1568 622 consecutum
1611 562 1824 644 putet,
1878 561 2096 623 tamen
2141 582 2180 623 a
2223 564 2290 623 te

248 647 404 727 peto
458 645 529 709 in
582 646 895 710 maiorem
939 646 1235 732 modum,
1292 651 1365 711 ut
1411 668 1559 711 eum
1613 647 1809 711 etiam
1855 650 2047 731 atque
2094 648 2290 711 etiam

198 750 223 789 ⁵
247 732 382 797 tuis
429 732 691 818 officiis,
733 734 1125 799 liberalitate
1162 735 1580 818 conplectare.
1673 732 2034 799 Scriberem
2079 735 2162 799 ad
2205 738 2289 819 te,

249 821 460 905 qualis
506 822 610 886 vir
656 825 847 906 esset,
902 826 974 886 ut
1021 823 1463 906 superioribus
1515 823 1754 888 litteris
1808 823 2109 908 feceram,
2162 822 2290 887 nisi

248 928 398 973 eum
436 910 569 974 iam
603 932 723 994 per
758 930 825 974 se
872 910 1085 995 ipsum
1130 911 1255 975 tibi
1294 912 1450 976 satis
1483 916 1714 977 notum
1752 932 1887 976 esse
1924 912 2288 976 arbitrarer.

1163 1138 1368 1203 XXV.

679 1258 796 1315 Ser.
832 1258 1069 1327 Romae,
1104 1266 1169 1314 ut
1202 1260 1438 1328 videtwr,
1473 1278 1525 1315 a.
1567 1263 1682 1315 708
1721 1263 1860 1329 (46).

164 1400 221 1442 10
942 1380 1201 1437 CICERO
1240 1382 1502 1437 SERVIO
1548 1382 1600 1439 S.

381 1522 823 1611 Hagesaretus
875 1524 1214 1590 Larisaeus
1267 1526 1523 1613 magnis
1580 1527 1743 1591 meis
1801 1527 2132 1592 beneficiis
2193 1547 2291 1591 or-

246 1616 440 1677 natus
496 1612 568 1676 in
624 1614 961 1679 consulatu
1014 1636 1159 1679 meo
1214 1636 1464 1679 memor
1509 1618 1574 1678 et
1618 1619 1843 1701 gratus
1889 1615 2017 1679 fuit
2060 1637 2291 1698 meque

245 1704 477 1785 postea
516 1700 1011 1788 diligentissime
1040 1702 1257 1766 coluit.
1323 1702 1495 1767 Eum
1531 1702 1656 1766 tibi
1691 1724 2083 1789 magnopere
2121 1725 2291 1768 com-

244 1788 485 1853 mendo
542 1790 617 1853 ut
671 1794 736 1854 et
788 1790 1115 1874 hospitem
1171 1812 1390 1855 meum
1445 1794 1511 1853 et
1567 1791 1953 1855 familiarem
2015 1790 2289 1877 [meum]

162 1892 220 1933 1⁵
248 1880 316 1941 et
360 1881 624 1963 gratum
667 1878 999 1942 hominem
1040 1883 1105 1942 et
1141 1879 1355 1942 virum
1401 1878 1645 1943 bonum
1692 1882 1756 1943 et
1801 1879 2160 1963 principem
2207 1880 2292 1943 ci-

244 1964 474 2031 vitatis
538 1986 689 2030 suae
753 1970 817 2030 et
880 1971 995 2030 tua
1050 1966 1521 2031 necessitudine
1583 1966 2049 2052 dignissimum.
2139 1965 2291 2031 Per·

244 2057 513 2139 gratum
548 2053 713 2117 mihi
749 2054 995 2139 feceris,
1042 2054 1097 2118 si
1136 2055 1387 2119 dederis
1424 2076 1703 2139 operam,
1749 2058 1823 2118 ut
1859 2055 1915 2117 is
1951 2054 2290 2206 intellegat

243 2141 416 2205 hanc
460 2162 672 2207 meam
709 2142 1333 2208 commendationem
1376 2164 1685 2231 magnum
1722 2144 1894 2228 apud
1927 2147 1993 2207 te
2037 2163 2170 2228 pon
2213 2164 2291 2207 us

244 2229 571 2295 habuisse.

156 2404 217 2444 20
1147 2386 1386 2453 XXVI.

678 2507 795 2565 Sor.
834 2508 1062 2576 Romae,
1097 2516 1163 2563 ut
1196 2510 1432 2578 videtur,
1474 2528 1525 2566 a.
1566 2514 1681 2566 ⁷08
1719 2514 1858 2580 (46).

938 2628 1195 2685 CICERO
1236 2630 1500 2687 SERVIO
1538 2632 1591 2689 S.

378 2753 453 2821 L.
513 2753 863 2820 Mescinius
922 2776 998 2820 ea
1058 2779 1313 2821 mecum
1375 2759 1844 2824 necessitudine
1908 2757 2287 2823 coniunctus
2327 2778 2355 2825 1

242 2847 363 2929 est,
411 2844 588 2928 quod
629 2844 795 2908 mihi
842 2847 1145 2926 quaestor
1188 2845 1341 2931 fuit3
1398 2847 1509 2910 sed
1552 2847 1720 2911 hanc
1765 2868 2045 2931 causam,
2092 2869 2287 2930 quam

154 2949 214 2989 25
242 2954 388 3019 ego,
438 2936 513 2996 ut
549 2955 588 2997 a
622 2931 981 2997 maioribus
1026 2934 1259 3017 accepi,
1307 2956 1560 3017 semper
1601 2956 1866 3021 gravem
1913 2934 2086 3019 duxi,
2132 2934 2287 2998 fecit

242 3020 491 3085 virtute
552 3023 617 3084 et
674 3020 1078 3085 humanitate
1139 3043 1253 3085 sua
1314 3022 1666 3086 iustiorem.
1769 3020 1998 3105 Itaque
2058 3042 2134 3086 eo
2195 3023 2288 3087 sic

241 3111 398 3171 utor
444 3111 519 3171 ut
562 3129 683 3172 1100
736 3108 1120 3174 familiarius
1166 3110 1303 3173 ullo
1349 3132 1467 3174 nec
1518 3109 1864 3175 lubentius
1953 3108 2020 3173 Is
2067 3131 2288 3194 quam-

242 3218 442 3281 quam
498 3196 817 3260 confidere
872 3196 1214 3262 videbatur
1265 3200 1332 3261 te
1377 3220 1493 3261 sua
1539 3219 1750 3283 causa,
1807 3219 1970 3281 quae
2014 3198 2286 3263 honeste

239 3306 497 3368 posses,
554 3284 835 3348 libenter
894 3306 1029 3349 esse
1088 3286 1443 3371 facturum,
1505 3307 1814 3371 magnum
1873 3306 2009 3350 esse
2067 3289 2286 3351 tamen

151 3392 211 3431 30
240 3372 529 3457 speravit
583 3373 756 3457 apud
807 3375 873 3436 te
930 3394 1105 3437 meas
1161 3396 1419 3457 quoque
1462 3373 1714 3438 litteras
1747 3376 1999 3456 pondus
2042 3374 2286 3439 habitu-

235 3480 367 3525 rae.
458 3458 537 3523 Id
574 3481 721 3525 cum
766 3460 904 3545 ipse
949 3461 1043 3524 ita
1087 3462 1416 3525 iudicabat
1451 3466 1592 3525 tum
1636 3483 1758 3545 pro
1795 3461 2102 3527 familiari
2138 3482 2286 3527 con-

236 3547 583 3613 suetudine
618 3570 806 3633 saepe
843 3570 922 3613 ex
958 3570 1062 3613 me
1090 3551 1399 3636 audierat,
1437 3571 1630 3633 quam
1661 3551 1874 3615 suavis
1913 3555 2078 3615 esset
2114 3551 2286 3616 inter
