<?xml version="1.0" encoding="UTF-8"?>
<!DOCTYPE html PUBLIC "-//W3C//DTD XHTML 1.0 Transitional//EN"
    "http://www.w3.org/TR/xhtml1/DTD/xhtml1-transitional.dtd">
<html xmlns="http://www.w3.org/1999/xhtml" xml:lang="en" lang="en">
 <head>
  <title>
</title>
<meta http-equiv="Content-Type" content="text/html;charset=utf-8" />
  <meta name='ocr-system' content='tesseract 3.04.00' />
  <meta name='ocr-capabilities' content='ocr_page ocr_carea ocr_par ocr_line ocrx_word'/>
</head>
<body>
  <div class='ocr_page' id='page_1' title='image "./scriptaquaemans02mlgoog_0236.png"; bbox 0 0 2567 3884; ppageno 0'>
   <div class='ocr_carea' id='block_1_1' title="bbox 372 115 1633 179">
    <p class='ocr_par' dir='ltr' id='par_1_1' title="bbox 372 115 1633 179">
     <span class='ocr_line' id='line_1_1' title="bbox 372 115 1633 179; baseline 0.002 -9"><span class='ocrx_word' id='word_1_1' title='bbox 372 115 499 179; x_wconf 87' lang='lat'>144</span> <span class='ocrx_word' id='word_1_2' title='bbox 732 143 734 146; x_wconf 54' lang='lat'>&gt;</span> <span class='ocrx_word' id='word_1_3' title='bbox 1119 116 1633 172; x_wconf 83' lang='lat' dir='ltr'><strong>EPISTULARUM</strong></span> 
     </span>
    </p>
   </div>
   <div class='ocr_carea' id='block_1_2' title="bbox 364 259 2403 610">
    <p class='ocr_par' dir='ltr' id='par_1_2' title="bbox 364 259 2403 610">
     <span class='ocr_line' id='line_1_2' title="bbox 369 259 2403 346; baseline 0.002 -24"><span class='ocrx_word' id='word_1_4' title='bbox 369 259 544 323; x_wconf 91' lang='lat' dir='ltr'>omni</span> <span class='ocrx_word' id='word_1_5' title='bbox 601 281 821 324; x_wconf 87' lang='lat' dir='ltr'>vacem</span> <span class='ocrx_word' id='word_1_6' title='bbox 876 259 1088 344; x_wconf 89' lang='lat' dir='ltr'>culpa,</span> <span class='ocrx_word' id='word_1_7' title='bbox 1144 264 1234 344; x_wconf 90' lang='lat' dir='ltr'>et,</span> <span class='ocrx_word' id='word_1_8' title='bbox 1292 261 1347 324; x_wconf 87' lang='lat' dir='ltr'>si</span> <span class='ocrx_word' id='word_1_9' title='bbox 1392 283 1523 324; x_wconf 91' lang='lat' dir='ltr'>non</span> <span class='ocrx_word' id='word_1_10' title='bbox 1570 283 1707 346; x_wconf 92' lang='lat' dir='ltr'>er0,</span> <span class='ocrx_word' id='word_1_11' title='bbox 1753 283 1943 324; x_wconf 84' lang='lat' dir='ltr'>sensu</span> <span class='ocrx_word' id='word_1_12' title='bbox 1990 262 2257 326; x_wconf 89' lang='lat' dir='ltr'>omnino</span> <span class='ocrx_word' id='word_1_13' title='bbox 2306 284 2403 325; x_wconf 89' lang='grc'>03-</span> 
     </span>
     <span class='ocr_line' id='line_1_3' title="bbox 367 347 2400 433; baseline 0.002 -23"><span class='ocrx_word' id='word_1_14' title='bbox 367 347 541 411; x_wconf 79' lang='lat' dir='ltr'>rebo,</span> <span class='ocrx_word' id='word_1_15' title='bbox 609 347 736 412; x_wconf 86' lang='lat' dir='ltr'>Sed</span> <span class='ocrx_word' id='word_1_16' title='bbox 780 369 1002 412; x_wconf 88' lang='lat' dir='ltr'>rursus</span> <span class='ocrx_word' id='word_1_17' title='bbox 1048 347 1272 430; x_wconf 76' lang='grc' dir='ltr'><strong><em>γλαῦκ’</em></strong></span> <span class='ocrx_word' id='word_1_18' title='bbox 1324 352 1419 425; x_wconf 83' lang='grc' dir='ltr'>εἰς</span> <span class='ocrx_word' id='word_1_19' title='bbox 1459 347 1782 432; x_wconf 64' lang='grc' dir='ltr'><strong><em>Ἀθήνας,</em></strong></span> <span class='ocrx_word' id='word_1_20' title='bbox 1827 350 1941 433; x_wconf 88' lang='lat' dir='ltr'>qui</span> <span class='ocrx_word' id='word_1_21' title='bbox 1986 350 2069 413; x_wconf 90' lang='lat' dir='ltr'>ad</span> <span class='ocrx_word' id='word_1_22' title='bbox 2114 354 2180 414; x_wconf 88' lang='lat' dir='ltr'>te</span> <span class='ocrx_word' id='word_1_23' title='bbox 2226 351 2400 414; x_wconf 87' lang='lat' dir='ltr'>haec</span> 
     </span>
     <span class='ocr_line' id='line_1_4' title="bbox 366 434 2403 524; baseline 0.002 -26"><span class='ocrx_word' id='word_1_24' title='bbox 366 434 532 499; x_wconf 88' lang='lat' dir='ltr'>Mihi</span> <span class='ocrx_word' id='word_1_25' title='bbox 577 439 677 520; x_wconf 92' lang='lat' dir='ltr'>tu,</span> <span class='ocrx_word' id='word_1_26' title='bbox 721 436 847 520; x_wconf 90' lang='lat' dir='ltr'>tui,</span> <span class='ocrx_word' id='word_1_27' title='bbox 893 440 1007 500; x_wconf 89' lang='lat' dir='ltr'>tua</span> <span class='ocrx_word' id='word_1_28' title='bbox 1054 437 1269 500; x_wconf 86' lang='lat' dir='ltr'>omnia</span> <span class='ocrx_word' id='word_1_29' title='bbox 1314 437 1632 501; x_wconf 82' lang='lat' dir='ltr'>maximae</span> <span class='ocrx_word' id='word_1_30' title='bbox 1677 459 1865 501; x_wconf 88' lang='lat' dir='ltr'>curae</span> <span class='ocrx_word' id='word_1_31' title='bbox 1910 441 2061 501; x_wconf 91' lang='lat' dir='ltr'>sunt</span> <span class='ocrx_word' id='word_1_32' title='bbox 2109 442 2201 524; x_wconf 90' lang='lat' dir='ltr'>et,</span> <span class='ocrx_word' id='word_1_33' title='bbox 2250 439 2403 502; x_wconf 91' lang='lat' dir='ltr'>dum</span> 
     </span>
     <span class='ocr_line' id='line_1_5' title="bbox 364 523 1135 610; baseline 0 -22"><span class='ocrx_word' id='word_1_34' title='bbox 364 524 606 610; x_wconf 83' lang='lat' dir='ltr'>vivam,</span> <span class='ocrx_word' id='word_1_35' title='bbox 662 528 865 588; x_wconf 89' lang='lat' dir='ltr'>erunt.</span> <span class='ocrx_word' id='word_1_36' title='bbox 956 523 1135 589; x_wconf 82' lang='lat' dir='ltr'><strong>Vale.</strong></span> 
     </span>
    </p>
   </div>
   <div class='ocr_carea' id='block_1_3' title="bbox 723 752 2467 942">
    <p class='ocr_par' dir='ltr' id='par_1_3' title="bbox 723 752 2467 942">
     <span class='ocr_line' id='line_1_6' title="bbox 1320 752 2467 819; baseline -0.005 -2"><span class='ocrx_word' id='word_1_37' title='bbox 1320 752 1439 819; x_wconf 91' lang='lat' dir='ltr'>IV.</span> <span class='ocrx_word' id='word_1_38' title='bbox 2444 771 2467 811; x_wconf 83' lang='lat'><strong>5</strong></span> 
     </span>
     <span class='ocr_line' id='line_1_7' title="bbox 723 873 2039 942; baseline 0 -14"><span class='ocrx_word' id='word_1_39' title='bbox 723 873 837 928; x_wconf 79' lang='lat' dir='ltr'>Ser.</span> <span class='ocrx_word' id='word_1_40' title='bbox 876 874 1084 928; x_wconf 84' lang='lat' dir='ltr'>Romae</span> <span class='ocrx_word' id='word_1_41' title='bbox 1129 881 1257 928; x_wconf 77' lang='lat' dir='ltr'>ante</span> <span class='ocrx_word' id='word_1_42' title='bbox 1294 876 1428 929; x_wconf 82' lang='lat' dir='ltr'>med.</span> <span class='ocrx_word' id='word_1_43' title='bbox 1466 889 1535 928; x_wconf 86' lang='lat' dir='ltr'>m.</span> <span class='ocrx_word' id='word_1_44' title='bbox 1574 875 1701 929; x_wconf 76' lang='lat' dir='ltr'>Ian.</span> <span class='ocrx_word' id='word_1_45' title='bbox 1750 878 1861 930; x_wconf 84' lang='lat'>709</span> <span class='ocrx_word' id='word_1_46' title='bbox 1898 877 2039 942; x_wconf 75' lang='lat'><em>(45).</em></span> 
     </span>
    </p>
   </div>
   <div class='ocr_carea' id='block_1_4' title="bbox 818 995 1948 1063">
    <p class='ocr_par' dir='ltr' id='par_1_4' title="bbox 818 995 1948 1063">
     <span class='ocr_line' id='line_1_8' title="bbox 818 995 1948 1063; baseline 0.004 -14"><span class='ocrx_word' id='word_1_47' title='bbox 818 995 894 1050; x_wconf 88' lang='lat' dir='ltr'>M.</span> <span class='ocrx_word' id='word_1_48' title='bbox 935 995 1193 1052; x_wconf 85' lang='lat' dir='ltr'>CICERO</span> <span class='ocrx_word' id='word_1_49' title='bbox 1234 997 1286 1053; x_wconf 81' lang='lat' dir='ltr'>S.</span> <span class='ocrx_word' id='word_1_50' title='bbox 1327 997 1393 1052; x_wconf 88' lang='lat' dir='ltr'>D.</span> <span class='ocrx_word' id='word_1_51' title='bbox 1434 997 1499 1052; x_wconf 90' lang='lat' dir='ltr'>A.</span> <span class='ocrx_word' id='word_1_52' title='bbox 1538 997 1948 1063; x_wconf 82' lang='lat' dir='ltr'><strong>TORQUATO.</strong></span> 
     </span>
    </p>
   </div>
   <div class='ocr_carea' id='block_1_5' title="bbox 295 1139 2467 3534">
    <p class='ocr_par' dir='ltr' id='par_1_5' title="bbox 301 1139 2467 2792">
     <span class='ocr_line' id='line_1_9' title="bbox 301 1139 2399 1225; baseline -0.002 -18"><span class='ocrx_word' id='word_1_53' title='bbox 301 1160 327 1207; x_wconf 90' lang='lat'>1</span> <span class='ocrx_word' id='word_1_54' title='bbox 500 1139 676 1205; x_wconf 83' lang='lat' dir='ltr'>Novi</span> <span class='ocrx_word' id='word_1_55' title='bbox 731 1140 906 1224; x_wconf 89' lang='lat' dir='ltr'>quod</span> <span class='ocrx_word' id='word_1_56' title='bbox 959 1140 1041 1203; x_wconf 91' lang='lat' dir='ltr'>ad</span> <span class='ocrx_word' id='word_1_57' title='bbox 1083 1144 1148 1204; x_wconf 90' lang='lat' dir='ltr'>te</span> <span class='ocrx_word' id='word_1_58' title='bbox 1195 1140 1541 1205; x_wconf 89' lang='lat' dir='ltr'>scriberem</span> <span class='ocrx_word' id='word_1_59' title='bbox 1550 1193 1567 1225; x_wconf 94' lang='lat'>,</span> <span class='ocrx_word' id='word_1_60' title='bbox 1622 1141 1789 1204; x_wconf 87' lang='lat' dir='ltr'><strong>nihil</strong></span> <span class='ocrx_word' id='word_1_61' title='bbox 1833 1143 1994 1224; x_wconf 84' lang='lat' dir='ltr'>erat,</span> <span class='ocrx_word' id='word_1_62' title='bbox 2052 1143 2119 1204; x_wconf 92' lang='lat' dir='ltr'>et</span> <span class='ocrx_word' id='word_1_63' title='bbox 2164 1143 2399 1223; x_wconf 89' lang='lat' dir='ltr'>tamen,</span> 
     </span>
     <span class='ocr_line' id='line_1_10' title="bbox 367 1228 2400 1313; baseline 0 -22"><span class='ocrx_word' id='word_1_64' title='bbox 367 1229 424 1292; x_wconf 88' lang='lat' dir='ltr'>si</span> <span class='ocrx_word' id='word_1_65' title='bbox 470 1228 626 1312; x_wconf 89' lang='lat' dir='ltr'>quid</span> <span class='ocrx_word' id='word_1_66' title='bbox 671 1231 853 1313; x_wconf 83' lang='lat' dir='ltr'>esset,</span> <span class='ocrx_word' id='word_1_67' title='bbox 899 1228 1178 1292; x_wconf 82' lang='lat' dir='ltr'>sciebam</span> <span class='ocrx_word' id='word_1_68' title='bbox 1223 1233 1289 1292; x_wconf 91' lang='lat' dir='ltr'>te</span> <span class='ocrx_word' id='word_1_69' title='bbox 1335 1252 1373 1293; x_wconf 91' lang='lat' dir='ltr'>a</span> <span class='ocrx_word' id='word_1_70' title='bbox 1416 1230 1548 1293; x_wconf 87' lang='lat' dir='ltr'>tuis</span> <span class='ocrx_word' id='word_1_71' title='bbox 1594 1229 1931 1293; x_wconf 75' lang='lat' dir='ltr'>certiorem</span> <span class='ocrx_word' id='word_1_72' title='bbox 1974 1228 2121 1291; x_wconf 85' lang='lat' dir='ltr'>fieri</span> <span class='ocrx_word' id='word_1_73' title='bbox 2166 1229 2400 1312; x_wconf 84' lang='lat' dir='ltr'>solere;</span> 
     </span>
     <span class='ocr_line' id='line_1_11' title="bbox 371 1316 2467 1401; baseline -0.002 -21"><span class='ocrx_word' id='word_1_74' title='bbox 371 1317 447 1380; x_wconf 90' lang='lat' dir='ltr'>de</span> <span class='ocrx_word' id='word_1_75' title='bbox 493 1317 728 1380; x_wconf 88' lang='lat' dir='ltr'>futuris</span> <span class='ocrx_word' id='word_1_76' title='bbox 783 1319 996 1380; x_wconf 91' lang='lat' dir='ltr'>autem</span> <span class='ocrx_word' id='word_1_77' title='bbox 1051 1316 1243 1380; x_wconf 92' lang='lat' dir='ltr'>rebus</span> <span class='ocrx_word' id='word_1_78' title='bbox 1299 1317 1420 1380; x_wconf 87' lang='lat' dir='ltr'>etsi</span> <span class='ocrx_word' id='word_1_79' title='bbox 1476 1339 1725 1401; x_wconf 85' lang='lat' dir='ltr'>semper</span> <span class='ocrx_word' id='word_1_80' title='bbox 1780 1317 2105 1380; x_wconf 81' lang='lat' dir='ltr'>difficilest</span> <span class='ocrx_word' id='word_1_81' title='bbox 2172 1317 2397 1400; x_wconf 86' lang='lat' dir='ltr'>dicere,</span> <span class='ocrx_word' id='word_1_82' title='bbox 2422 1336 2467 1374; x_wconf 83' lang='lat'>10</span> 
     </span>
     <span class='ocr_line' id='line_1_12' title="bbox 366 1405 2397 1490; baseline 0 -22"><span class='ocrx_word' id='word_1_83' title='bbox 366 1409 585 1468; x_wconf 91' lang='lat' dir='ltr'>tamen</span> <span class='ocrx_word' id='word_1_84' title='bbox 657 1405 982 1468; x_wconf 89' lang='lat' dir='ltr'>interdum</span> <span class='ocrx_word' id='word_1_85' title='bbox 1045 1405 1412 1469; x_wconf 86' lang='lat' dir='ltr'>coniectura</span> <span class='ocrx_word' id='word_1_86' title='bbox 1480 1406 1689 1490; x_wconf 90' lang='lat' dir='ltr'>possis</span> <span class='ocrx_word' id='word_1_87' title='bbox 1750 1405 2016 1489; x_wconf 90' lang='lat' dir='ltr'>propius</span> <span class='ocrx_word' id='word_1_88' title='bbox 2080 1405 2397 1488; x_wconf 77' lang='lat' dir='ltr'>accedere,</span> 
     </span>
     <span class='ocr_line' id='line_1_13' title="bbox 369 1492 2397 1578; baseline 0 -22"><span class='ocrx_word' id='word_1_89' title='bbox 369 1514 516 1556; x_wconf 90' lang='lat' dir='ltr'>cum</span> <span class='ocrx_word' id='word_1_90' title='bbox 563 1496 658 1556; x_wconf 90' lang='lat' dir='ltr'>est</span> <span class='ocrx_word' id='word_1_91' title='bbox 703 1514 805 1556; x_wconf 87' lang='lat' dir='ltr'>res</span> <span class='ocrx_word' id='word_1_92' title='bbox 851 1492 988 1556; x_wconf 89' lang='lat' dir='ltr'>eius</span> <span class='ocrx_word' id='word_1_93' title='bbox 1040 1494 1217 1557; x_wconf 79' lang='lat' dir='ltr'>modi</span> <span class='ocrx_word' id='word_1_94' title='bbox 1225 1544 1243 1578; x_wconf 90' lang='lat'>,</span> <span class='ocrx_word' id='word_1_95' title='bbox 1302 1494 1483 1557; x_wconf 87' lang='lat' dir='ltr'>cuius</span> <span class='ocrx_word' id='word_1_96' title='bbox 1538 1494 1747 1558; x_wconf 87' lang='lat' dir='ltr'>exitus</span> <span class='ocrx_word' id='word_1_97' title='bbox 1800 1493 2131 1577; x_wconf 83' lang='lat' dir='ltr'>provideri</span> <span class='ocrx_word' id='word_1_98' title='bbox 2172 1494 2397 1578; x_wconf 86' lang='lat' dir='ltr'>possit.</span> 
     </span>
     <span class='ocr_line' id='line_1_14' title="bbox 367 1579 2399 1668; baseline 0 -23"><span class='ocrx_word' id='word_1_99' title='bbox 367 1579 560 1645; x_wconf 88' lang='lat' dir='ltr'>Nunc</span> <span class='ocrx_word' id='word_1_100' title='bbox 603 1585 856 1644; x_wconf 89' lang='lat' dir='ltr'>tantum</span> <span class='ocrx_word' id='word_1_101' title='bbox 892 1582 1186 1645; x_wconf 81' lang='lat' dir='ltr'>videmur</span> <span class='ocrx_word' id='word_1_102' title='bbox 1229 1582 1619 1668; x_wconf 76' lang='lat' dir='ltr'>intellegere,</span> <span class='ocrx_word' id='word_1_103' title='bbox 1664 1603 1796 1645; x_wconf 89' lang='grc'><strong>11011</strong></span> <span class='ocrx_word' id='word_1_104' title='bbox 1842 1581 2225 1645; x_wconf 85' lang='lat' dir='ltr'>diuturnum</span> <span class='ocrx_word' id='word_1_105' title='bbox 2272 1582 2399 1645; x_wconf 91' lang='lat' dir='ltr'>bel-</span> 
     </span>
     <span class='ocr_line' id='line_1_15' title="bbox 369 1669 2399 1755; baseline 0 -23"><span class='ocrx_word' id='word_1_106' title='bbox 369 1670 533 1755; x_wconf 80' lang='lat' dir='ltr'>lum3</span> <span class='ocrx_word' id='word_1_107' title='bbox 589 1670 709 1733; x_wconf 89' lang='lat' dir='ltr'>etsi</span> <span class='ocrx_word' id='word_1_108' title='bbox 754 1670 824 1732; x_wconf 85' lang='lat' dir='ltr'>id</span> <span class='ocrx_word' id='word_1_109' title='bbox 867 1669 1080 1752; x_wconf 92' lang='lat' dir='ltr'>ipsum</span> <span class='ocrx_word' id='word_1_110' title='bbox 1133 1693 1265 1734; x_wconf 90' lang='lat' dir='ltr'>non</span> <span class='ocrx_word' id='word_1_111' title='bbox 1318 1671 1515 1734; x_wconf 82' lang='lat' dir='ltr'>nullis</span> <span class='ocrx_word' id='word_1_112' title='bbox 1559 1669 1853 1734; x_wconf 82' lang='lat' dir='ltr'>videmur</span> <span class='ocrx_word' id='word_1_113' title='bbox 1906 1691 2103 1733; x_wconf 68' lang='lat' dir='ltr'>secus</span> <span class='ocrx_word' id='word_1_114' title='bbox 2200 1669 2399 1754; x_wconf 84' lang='lat' dir='ltr'>Equi-</span> 
     </span>
     <span class='ocr_line' id='line_1_16' title="bbox 372 1757 2465 1843; baseline -0.001 -23"><span class='ocrx_word' id='word_1_115' title='bbox 372 1757 545 1842; x_wconf 91' lang='lat' dir='ltr'>dem,</span> <span class='ocrx_word' id='word_1_116' title='bbox 606 1780 752 1822; x_wconf 92' lang='lat' dir='ltr'>cum</span> <span class='ocrx_word' id='word_1_117' title='bbox 803 1757 962 1821; x_wconf 90' lang='lat' dir='ltr'>haec</span> <span class='ocrx_word' id='word_1_118' title='bbox 1016 1758 1405 1843; x_wconf 81' lang='lat' dir='ltr'>scribebam,</span> <span class='ocrx_word' id='word_1_119' title='bbox 1460 1758 1706 1842; x_wconf 90' lang='lat' dir='ltr'>aliquid</span> <span class='ocrx_word' id='word_1_120' title='bbox 1758 1758 1887 1821; x_wconf 88' lang='lat' dir='ltr'>iam</span> <span class='ocrx_word' id='word_1_121' title='bbox 1942 1761 2161 1821; x_wconf 84' lang='lat' dir='ltr'>actum</span> <span class='ocrx_word' id='word_1_122' title='bbox 2218 1762 2400 1841; x_wconf 87' lang='lat' dir='ltr'>puta-</span> <span class='ocrx_word' id='word_1_123' title='bbox 2422 1773 2465 1815; x_wconf 82' lang='lat'>15</span> 
     </span>
     <span class='ocr_line' id='line_1_17' title="bbox 369 1811 2394 1946; baseline 0 -37"><span class='ocrx_word' id='word_1_124' title='bbox 369 1846 545 1930; x_wconf 90' lang='lat' dir='ltr'>bam,</span> <span class='ocrx_word' id='word_1_125' title='bbox 601 1847 647 1930; x_wconf 83' lang='lat'><strong>†</strong></span> <span class='ocrx_word' id='word_1_126' title='bbox 691 1867 824 1910; x_wconf 91' lang='lat' dir='ltr'>non</span> <span class='ocrx_word' id='word_1_127' title='bbox 870 1867 1025 1946; x_wconf 83' lang='lat' dir='ltr'>quo,</span> <span class='ocrx_word' id='word_1_128' title='bbox 1086 1847 1198 1910; x_wconf 91' lang='lat' dir='ltr'>sed</span> <span class='ocrx_word' id='word_1_129' title='bbox 1251 1811 1425 1930; x_wconf 74' lang='lat' dir='ltr'>quod</span> <span class='ocrx_word' id='word_1_130' title='bbox 1480 1846 1762 1915; x_wconf 80' lang='lat' dir='ltr'>difficilis</span> <span class='ocrx_word' id='word_1_131' title='bbox 1817 1849 1954 1910; x_wconf 86' lang='lat' dir='ltr'>erat</span> <span class='ocrx_word' id='word_1_132' title='bbox 2008 1846 2394 1910; x_wconf 87' lang='lat' dir='ltr'>coniectura.</span> 
     </span>
     <span class='ocr_line' id='line_1_18' title="bbox 368 1932 2397 2018; baseline 0 -20"><span class='ocrx_word' id='word_1_133' title='bbox 368 1932 540 1998; x_wconf 88' lang='lat' dir='ltr'>Nam</span> <span class='ocrx_word' id='word_1_134' title='bbox 587 1956 732 1998; x_wconf 89' lang='lat' dir='ltr'>cum</span> <span class='ocrx_word' id='word_1_135' title='bbox 780 1935 989 1998; x_wconf 86' lang='lat' dir='ltr'>omnis</span> <span class='ocrx_word' id='word_1_136' title='bbox 1034 1934 1190 1998; x_wconf 86' lang='lat' dir='ltr'>belli</span> <span class='ocrx_word' id='word_1_137' title='bbox 1233 1933 1409 1999; x_wconf 89' lang='lat' dir='ltr'>Mars</span> <span class='ocrx_word' id='word_1_138' title='bbox 1456 1935 1813 1999; x_wconf 87' lang='lat' dir='ltr'>communis</span> <span class='ocrx_word' id='word_1_139' title='bbox 1849 1937 1914 1998; x_wconf 87' lang='lat' dir='ltr'>et</span> <span class='ocrx_word' id='word_1_140' title='bbox 1949 1955 2097 1997; x_wconf 90' lang='lat' dir='ltr'>cum</span> <span class='ocrx_word' id='word_1_141' title='bbox 2146 1955 2397 2018; x_wconf 81' lang='lat' dir='ltr'>semper</span> 
     </span>
     <span class='ocr_line' id='line_1_19' title="bbox 369 2017 2399 2108; baseline 0.001 -24"><span class='ocrx_word' id='word_1_142' title='bbox 369 2023 600 2086; x_wconf 77' lang='lat' dir='ltr'>incerti</span> <span class='ocrx_word' id='word_1_143' title='bbox 653 2017 862 2087; x_wconf 83' lang='lat' dir='ltr'>exitus</span> <span class='ocrx_word' id='word_1_144' title='bbox 914 2023 1311 2107; x_wconf 90' lang='lat' dir='ltr'>proeliorum</span> <span class='ocrx_word' id='word_1_145' title='bbox 1362 2027 1540 2108; x_wconf 87' lang='lat' dir='ltr'>sunt,</span> <span class='ocrx_word' id='word_1_146' title='bbox 1592 2027 1735 2086; x_wconf 88' lang='lat' dir='ltr'>tum</span> <span class='ocrx_word' id='word_1_147' title='bbox 1788 2022 1913 2086; x_wconf 90' lang='grc'><strong>1100</strong></span> <span class='ocrx_word' id='word_1_148' title='bbox 1964 2025 2266 2107; x_wconf 92' lang='lat' dir='ltr'>tempore</span> <span class='ocrx_word' id='word_1_149' title='bbox 2309 2023 2399 2086; x_wconf 82' lang='lat' dir='ltr'>ita</span> 
     </span>
     <span class='ocr_line' id='line_1_20' title="bbox 368 2110 2395 2210; baseline 0 -37"><span class='ocrx_word' id='word_1_150' title='bbox 368 2132 638 2197; x_wconf 84' lang='lat' dir='ltr'>magnae</span> <span class='ocrx_word' id='word_1_151' title='bbox 684 2111 1008 2194; x_wconf 89' lang='lat' dir='ltr'>utrimque</span> <span class='ocrx_word' id='word_1_152' title='bbox 1055 2111 1292 2195; x_wconf 87' lang='lat' dir='ltr'>copiae,</span> <span class='ocrx_word' id='word_1_153' title='bbox 1338 2111 1431 2175; x_wconf 91' lang='lat' dir='ltr'>ita</span> <span class='ocrx_word' id='word_1_154' title='bbox 1472 2115 1731 2195; x_wconf 86' lang='lat' dir='ltr'>paratae</span> <span class='ocrx_word' id='word_1_155' title='bbox 1777 2111 1859 2174; x_wconf 89' lang='lat' dir='ltr'>ad</span> <span class='ocrx_word' id='word_1_156' title='bbox 1897 2110 2395 2210; x_wconf 78' lang='lat' dir='ltr'>depugnandum</span> 
     </span>
     <span class='ocr_line' id='line_1_21' title="bbox 369 2198 2467 2284; baseline -0.001 -23"><span class='ocrx_word' id='word_1_157' title='bbox 369 2219 505 2261; x_wconf 88' lang='lat' dir='ltr'>esse</span> <span class='ocrx_word' id='word_1_158' title='bbox 553 2198 876 2283; x_wconf 90' lang='lat' dir='ltr'>dicuntur,</span> <span class='ocrx_word' id='word_1_159' title='bbox 931 2203 1004 2262; x_wconf 90' lang='lat' dir='ltr'>ut</span> <span class='ocrx_word' id='word_1_160' title='bbox 1011 2250 1030 2284; x_wconf 91' lang='lat'>,</span> <span class='ocrx_word' id='word_1_161' title='bbox 1085 2203 1503 2282; x_wconf 84' lang='lat' dir='ltr'>utercumque</span> <span class='ocrx_word' id='word_1_162' title='bbox 1549 2199 1799 2283; x_wconf 85' lang='lat' dir='ltr'>vicerit,</span> <span class='ocrx_word' id='word_1_163' title='bbox 1841 2220 1977 2262; x_wconf 90' lang='grc'><strong>11011</strong></span> <span class='ocrx_word' id='word_1_164' title='bbox 2024 2198 2111 2262; x_wconf 86' lang='lat' dir='ltr'>sit</span> <span class='ocrx_word' id='word_1_165' title='bbox 2154 2199 2395 2262; x_wconf 84' lang='lat' dir='ltr'>mirum</span> <span class='ocrx_word' id='word_1_166' title='bbox 2421 2217 2467 2256; x_wconf 72' lang='lat' dir='ltr'>so</span> 
     </span>
     <span class='ocr_line' id='line_1_22' title="bbox 367 2284 2397 2372; baseline 0 -23"><span class='ocrx_word' id='word_1_167' title='bbox 367 2287 675 2350; x_wconf 81' lang='lat' dir='ltr'>futurum.</span> <span class='ocrx_word' id='word_1_168' title='bbox 764 2284 886 2350; x_wconf 88' lang='lat' dir='ltr'>Illa</span> <span class='ocrx_word' id='word_1_169' title='bbox 930 2286 1000 2350; x_wconf 85' lang='lat' dir='ltr'>in</span> <span class='ocrx_word' id='word_1_170' title='bbox 1047 2287 1180 2350; x_wconf 87' lang='lat' dir='ltr'>dies</span> <span class='ocrx_word' id='word_1_171' title='bbox 1226 2288 1515 2372; x_wconf 85' lang='lat' dir='ltr'>singulos</span> <span class='ocrx_word' id='word_1_172' title='bbox 1548 2287 1756 2372; x_wconf 88' lang='lat' dir='ltr'>magis</span> <span class='ocrx_word' id='word_1_173' title='bbox 1799 2286 2137 2372; x_wconf 87' lang='lat' dir='ltr'>magisque</span> <span class='ocrx_word' id='word_1_174' title='bbox 2173 2288 2397 2370; x_wconf 87' lang='lat' dir='ltr'>opinio</span> 
     </span>
     <span class='ocr_line' id='line_1_23' title="bbox 367 2374 2397 2460; baseline 0 -23"><span class='ocrx_word' id='word_1_175' title='bbox 367 2374 704 2438; x_wconf 88' lang='lat' dir='ltr'>hominum</span> <span class='ocrx_word' id='word_1_176' title='bbox 760 2377 1199 2460; x_wconf 83' lang='lat' dir='ltr'>confirmatur,</span> <span class='ocrx_word' id='word_1_177' title='bbox 1259 2376 1511 2439; x_wconf 89' lang='lat' dir='ltr'>etiamsi</span> <span class='ocrx_word' id='word_1_178' title='bbox 1568 2375 1737 2438; x_wconf 89' lang='lat' dir='ltr'>inter</span> <span class='ocrx_word' id='word_1_179' title='bbox 1792 2395 2011 2438; x_wconf 85' lang='lat' dir='ltr'>causas</span> <span class='ocrx_word' id='word_1_180' title='bbox 2064 2396 2397 2438; x_wconf 84' lang='lat' dir='ltr'>armorum</span> 
     </span>
     <span class='ocr_line' id='line_1_24' title="bbox 369 2463 2397 2547; baseline 0 -22"><span class='ocrx_word' id='word_1_181' title='bbox 369 2463 769 2547; x_wconf 83' lang='lat' dir='ltr'>aliquantum</span> <span class='ocrx_word' id='word_1_182' title='bbox 815 2464 1087 2547; x_wconf 85' lang='lat' dir='ltr'>intersit,</span> <span class='ocrx_word' id='word_1_183' title='bbox 1133 2467 1350 2526; x_wconf 90' lang='lat' dir='ltr'>tamen</span> <span class='ocrx_word' id='word_1_184' title='bbox 1395 2463 1565 2527; x_wconf 83' lang='lat' dir='ltr'>inter</span> <span class='ocrx_word' id='word_1_185' title='bbox 1607 2463 1911 2527; x_wconf 79' lang='lat' dir='ltr'>victorias</span> <span class='ocrx_word' id='word_1_186' title='bbox 1946 2483 2078 2526; x_wconf 90' lang='lat' dir='ltr'>non</span> <span class='ocrx_word' id='word_1_187' title='bbox 2114 2463 2397 2526; x_wconf 87' lang='lat' dir='ltr'>multum</span> 
     </span>
     <span class='ocr_line' id='line_1_25' title="bbox 368 2550 2397 2635; baseline -0 -20"><span class='ocrx_word' id='word_1_188' title='bbox 368 2551 843 2615; x_wconf 84' lang='lat' dir='ltr'>interfuturum.</span> <span class='ocrx_word' id='word_1_189' title='bbox 933 2550 1194 2616; x_wconf 88' lang='lat' dir='ltr'>Alteros</span> <span class='ocrx_word' id='word_1_190' title='bbox 1249 2573 1451 2635; x_wconf 86' lang='lat' dir='ltr'>prope</span> <span class='ocrx_word' id='word_1_191' title='bbox 1504 2551 1769 2614; x_wconf 90' lang='lat' dir='ltr'>modum</span> <span class='ocrx_word' id='word_1_192' title='bbox 1828 2551 1957 2615; x_wconf 89' lang='lat' dir='ltr'>iam</span> <span class='ocrx_word' id='word_1_193' title='bbox 2012 2571 2237 2614; x_wconf 90' lang='lat' dir='ltr'>sumus</span> <span class='ocrx_word' id='word_1_194' title='bbox 2294 2573 2397 2614; x_wconf 86' lang='lat' dir='ltr'>ex-</span> 
     </span>
     <span class='ocr_line' id='line_1_26' title="bbox 365 2638 2467 2724; baseline -0.003 -21"><span class='ocrx_word' id='word_1_195' title='bbox 365 2639 560 2724; x_wconf 90' lang='lat' dir='ltr'>perti,</span> <span class='ocrx_word' id='word_1_196' title='bbox 618 2640 693 2702; x_wconf 93' lang='lat' dir='ltr'>de</span> <span class='ocrx_word' id='word_1_197' title='bbox 740 2639 942 2703; x_wconf 89' lang='lat' dir='ltr'>altero</span> <span class='ocrx_word' id='word_1_198' title='bbox 986 2660 1176 2704; x_wconf 92' lang='lat' dir='ltr'>nemo</span> <span class='ocrx_word' id='word_1_199' title='bbox 1223 2644 1321 2703; x_wconf 90' lang='lat' dir='ltr'>est</span> <span class='ocrx_word' id='word_1_200' title='bbox 1368 2639 1524 2722; x_wconf 87' lang='lat' dir='ltr'>quin</span> <span class='ocrx_word' id='word_1_201' title='bbox 1570 2639 1835 2724; x_wconf 85' lang='lat' dir='ltr'>cogitet,</span> <span class='ocrx_word' id='word_1_202' title='bbox 1892 2660 2085 2723; x_wconf 87' lang='lat' dir='ltr'>quam</span> <span class='ocrx_word' id='word_1_203' title='bbox 2134 2638 2221 2702; x_wconf 88' lang='lat' dir='ltr'>sit</span> <span class='ocrx_word' id='word_1_204' title='bbox 2267 2661 2397 2703; x_wconf 91' lang='lat' dir='ltr'>me-</span> <span class='ocrx_word' id='word_1_205' title='bbox 2422 2655 2467 2696; x_wconf 72' lang='lat'>2⁵</span> 
     </span>
     <span class='ocr_line' id='line_1_27' title="bbox 367 2727 1485 2792; baseline 0 -2"><span class='ocrx_word' id='word_1_206' title='bbox 367 2728 642 2792; x_wconf 88' lang='lat' dir='ltr'>tuendus</span> <span class='ocrx_word' id='word_1_207' title='bbox 687 2727 889 2791; x_wconf 89' lang='lat' dir='ltr'>iratus</span> <span class='ocrx_word' id='word_1_208' title='bbox 934 2729 1141 2792; x_wconf 82' lang='lat' dir='ltr'>victor</span> <span class='ocrx_word' id='word_1_209' title='bbox 1186 2731 1485 2791; x_wconf 81' lang='lat' dir='ltr'>armatus,</span> 
     </span>
    </p>

    <p class='ocr_par' dir='ltr' id='par_1_6' title="bbox 295 2815 2465 3518">
     <span class='ocr_line' id='line_1_28' title="bbox 295 2815 2396 2902; baseline -0 -23"><span class='ocrx_word' id='word_1_210' title='bbox 295 2833 328 2879; x_wconf 80' lang='lat'><strong>2</strong></span> <span class='ocrx_word' id='word_1_211' title='bbox 500 2815 645 2880; x_wconf 93' lang='lat' dir='ltr'>Hoc</span> <span class='ocrx_word' id='word_1_212' title='bbox 695 2816 839 2880; x_wconf 92' lang='lat' dir='ltr'>loco</span> <span class='ocrx_word' id='word_1_213' title='bbox 896 2816 952 2879; x_wconf 88' lang='lat' dir='ltr'>si</span> <span class='ocrx_word' id='word_1_214' title='bbox 1005 2816 1228 2880; x_wconf 82' lang='lat' dir='ltr'>videor</span> <span class='ocrx_word' id='word_1_215' title='bbox 1281 2837 1515 2902; x_wconf 85' lang='lat' dir='ltr'>augere</span> <span class='ocrx_word' id='word_1_216' title='bbox 1576 2815 1863 2880; x_wconf 90' lang='lat' dir='ltr'>dolorem</span> <span class='ocrx_word' id='word_1_217' title='bbox 1921 2819 2133 2899; x_wconf 89' lang='lat' dir='ltr'>tuum,</span> <span class='ocrx_word' id='word_1_218' title='bbox 2200 2837 2396 2898; x_wconf 89' lang='lat' dir='ltr'>quem</span> 
     </span>
     <span class='ocr_line' id='line_1_29' title="bbox 369 2903 2397 2989; baseline 0 -23"><span class='ocrx_word' id='word_1_219' title='bbox 369 2904 754 2968; x_wconf 89' lang='lat' dir='ltr'>consolando</span> <span class='ocrx_word' id='word_1_220' title='bbox 799 2905 1010 2968; x_wconf 82' lang='lat' dir='ltr'>levare</span> <span class='ocrx_word' id='word_1_221' title='bbox 1059 2904 1340 2989; x_wconf 87' lang='lat' dir='ltr'>debeam,</span> <span class='ocrx_word' id='word_1_222' title='bbox 1387 2905 1595 2968; x_wconf 87' lang='lat' dir='ltr'>fateor</span> <span class='ocrx_word' id='word_1_223' title='bbox 1637 2925 1740 2967; x_wconf 92' lang='lat' dir='ltr'>me</span> <span class='ocrx_word' id='word_1_224' title='bbox 1787 2903 2229 2967; x_wconf 88' lang='lat' dir='ltr'>communium</span> <span class='ocrx_word' id='word_1_225' title='bbox 2266 2926 2397 2967; x_wconf 83' lang='lat' dir='ltr'>ma-</span> 
     </span>
     <span class='ocr_line' id='line_1_30' title="bbox 366 2992 2394 3076; baseline -0.001 -20"><span class='ocrx_word' id='word_1_226' title='bbox 366 2993 577 3056; x_wconf 88' lang='lat' dir='ltr'>lorum</span> <span class='ocrx_word' id='word_1_227' title='bbox 641 2993 1145 3056; x_wconf 85' lang='lat' dir='ltr'>consolationem</span> <span class='ocrx_word' id='word_1_228' title='bbox 1217 2993 1461 3056; x_wconf 89' lang='lat' dir='ltr'>nullam</span> <span class='ocrx_word' id='word_1_229' title='bbox 1525 2992 1812 3056; x_wconf 78' lang='lat' dir='ltr'>invenire</span> <span class='ocrx_word' id='word_1_230' title='bbox 1874 2995 2131 3075; x_wconf 85' lang='lat' dir='ltr'>praeter</span> <span class='ocrx_word' id='word_1_231' title='bbox 2192 2992 2394 3076; x_wconf 82' lang='grc'><strong>1113111,</strong></span> 
     </span>
     <span class='ocr_line' id='line_1_31' title="bbox 367 3081 2465 3166; baseline -0.001 -22"><span class='ocrx_word' id='word_1_232' title='bbox 367 3102 529 3164; x_wconf 89' lang='lat' dir='ltr'>quae</span> <span class='ocrx_word' id='word_1_233' title='bbox 573 3083 806 3165; x_wconf 88' lang='lat' dir='ltr'>tamen,</span> <span class='ocrx_word' id='word_1_234' title='bbox 853 3081 909 3144; x_wconf 90' lang='lat' dir='ltr'>si</span> <span class='ocrx_word' id='word_1_235' title='bbox 953 3081 1162 3166; x_wconf 87' lang='lat' dir='ltr'>possis</span> <span class='ocrx_word' id='word_1_236' title='bbox 1199 3102 1340 3144; x_wconf 87' lang='lat' dir='ltr'>eam</span> <span class='ocrx_word' id='word_1_237' title='bbox 1376 3081 1713 3164; x_wconf 89' lang='lat' dir='ltr'>suscipere,</span> <span class='ocrx_word' id='word_1_238' title='bbox 1757 3081 2041 3143; x_wconf 83' lang='lat' dir='ltr'>maxima</span> <span class='ocrx_word' id='word_1_239' title='bbox 2074 3082 2192 3162; x_wconf 78' lang='lat' dir='ltr'>est,</span> <span class='ocrx_word' id='word_1_240' title='bbox 2240 3102 2390 3164; x_wconf 82' lang='lat' dir='ltr'>qua·</span> <span class='ocrx_word' id='word_1_241' title='bbox 2418 3097 2465 3135; x_wconf 67' lang='grc' dir='ltr'>ω</span> 
     </span>
     <span class='ocr_line' id='line_1_32' title="bbox 366 3168 2394 3255; baseline -0 -23"><span class='ocrx_word' id='word_1_242' title='bbox 366 3190 489 3251; x_wconf 91' lang='lat' dir='ltr'>que</span> <span class='ocrx_word' id='word_1_243' title='bbox 536 3190 657 3254; x_wconf 87' lang='lat' dir='ltr'>ego</span> <span class='ocrx_word' id='word_1_244' title='bbox 704 3169 938 3233; x_wconf 81' lang='lat' dir='ltr'>cotidie</span> <span class='ocrx_word' id='word_1_245' title='bbox 974 3169 1181 3255; x_wconf 86' lang='lat' dir='ltr'>magis</span> <span class='ocrx_word' id='word_1_246' title='bbox 1219 3173 1383 3254; x_wconf 89' lang='lat' dir='ltr'>utor,</span> <span class='ocrx_word' id='word_1_247' title='bbox 1432 3168 1887 3232; x_wconf 84' lang='lat' dir='ltr'>conscientiam</span> <span class='ocrx_word' id='word_1_248' title='bbox 1923 3171 2134 3231; x_wconf 85' lang='lat' dir='ltr'>rectae</span> <span class='ocrx_word' id='word_1_249' title='bbox 2169 3169 2394 3232; x_wconf 84' lang='lat' dir='ltr'>volun-</span> 
     </span>
     <span class='ocr_line' id='line_1_33' title="bbox 362 3256 2395 3321; baseline 0 -3"><span class='ocrx_word' id='word_1_250' title='bbox 362 3256 517 3319; x_wconf 88' lang='lat' dir='ltr'>tatis</span> <span class='ocrx_word' id='word_1_251' title='bbox 581 3257 928 3321; x_wconf 83' lang='lat' dir='ltr'>maximam</span> <span class='ocrx_word' id='word_1_252' title='bbox 992 3256 1498 3321; x_wconf 88' lang='lat' dir='ltr'>consolationem</span> <span class='ocrx_word' id='word_1_253' title='bbox 1562 3277 1697 3320; x_wconf 87' lang='lat' dir='ltr'>esse</span> <span class='ocrx_word' id='word_1_254' title='bbox 1765 3278 1980 3320; x_wconf 88' lang='lat' dir='ltr'>rerum</span> <span class='ocrx_word' id='word_1_255' title='bbox 2044 3256 2395 3320; x_wconf 89' lang='lat' dir='ltr'>incommo-</span> 
     </span>
     <span class='ocr_line' id='line_1_34' title="bbox 367 3344 2391 3431; baseline 0.001 -26"><span class='ocrx_word' id='word_1_256' title='bbox 367 3345 609 3428; x_wconf 86' lang='lat' dir='ltr'>darum,</span> <span class='ocrx_word' id='word_1_257' title='bbox 646 3366 763 3408; x_wconf 88' lang='lat' dir='ltr'>nec</span> <span class='ocrx_word' id='word_1_258' title='bbox 799 3367 934 3409; x_wconf 88' lang='lat' dir='ltr'>esse</span> <span class='ocrx_word' id='word_1_259' title='bbox 971 3347 1177 3410; x_wconf 91' lang='lat' dir='ltr'>ullum</span> <span class='ocrx_word' id='word_1_260' title='bbox 1208 3367 1517 3431; x_wconf 78' lang='lat' dir='ltr'>mag-num</span> <span class='ocrx_word' id='word_1_261' title='bbox 1552 3344 1795 3409; x_wconf 87' lang='lat' dir='ltr'>malum</span> <span class='ocrx_word' id='word_1_262' title='bbox 1829 3347 2085 3428; x_wconf 87' lang='lat' dir='ltr'>praeter</span> <span class='ocrx_word' id='word_1_263' title='bbox 2124 3345 2391 3429; x_wconf 85' lang='lat' dir='ltr'>culpam.</span> 
     </span>
     <span class='ocr_line' id='line_1_35' title="bbox 365 3428 2393 3534; baseline 0.002 -44"><span class='ocrx_word' id='word_1_264' title='bbox 365 3428 427 3491; x_wconf 90' lang='lat' dir='ltr'>A</span> <span class='ocrx_word' id='word_1_265' title='bbox 481 3451 607 3512; x_wconf 84' lang='lat' dir='ltr'>qua</span> <span class='ocrx_word' id='word_1_266' title='bbox 670 3434 975 3515; x_wconf 89' lang='lat' dir='ltr'>quoniam</span> <span class='ocrx_word' id='word_1_267' title='bbox 1037 3437 1293 3497; x_wconf 89' lang='lat' dir='ltr'>tantum</span> <span class='ocrx_word' id='word_1_268' title='bbox 1356 3434 1690 3519; x_wconf 87' lang='lat' dir='ltr'>absumus,</span> <span class='ocrx_word' id='word_1_269' title='bbox 1754 3436 1828 3497; x_wconf 86' lang='lat' dir='ltr'>ut</span> <span class='ocrx_word' id='word_1_270' title='bbox 1890 3433 2086 3497; x_wconf 87' lang='lat' dir='ltr'>etiam</span> <span class='ocrx_word' id='word_1_271' title='bbox 2156 3434 2393 3534; x_wconf 88' lang='lat' dir='ltr'>optime</span> 
     </span>
    </p>
   </div>
   <div class='ocr_carea' id='block_1_6' title="bbox 2519 203 2528 1068">
    <p class='ocr_par' dir='ltr' id='par_1_7' title="bbox 2519 203 2528 1068">
     <span class='ocr_line' id='line_1_36' title="bbox 2519 203 2528 1068; baseline 0 0"><span class='ocrx_word' id='word_1_272' title='bbox 2519 203 2528 1068; x_wconf 95' lang='lat' dir='ltr'> </span> 
     </span>
    </p>
   </div>
   <div class='ocr_carea' id='block_1_7' title="bbox 2519 1187 2529 2582">
    <p class='ocr_par' dir='ltr' id='par_1_8' title="bbox 2519 1187 2529 2582">
     <span class='ocr_line' id='line_1_37' title="bbox 2519 1187 2529 2582; baseline 0 0"><span class='ocrx_word' id='word_1_273' title='bbox 2519 1187 2529 2582; x_wconf 95' lang='lat' dir='ltr'> </span> 
     </span>
    </p>
   </div>
  </div>
 </body>
</html>
