2567 3884
366 208 497 273 396
1105 206 1625 261 EPISTULARUM

361 374 509 416 mur
564 351 641 415 de
694 374 770 416 ea
825 351 1183 415 hereditate
1242 350 1746 415 controversiam
1799 372 1948 414 eum
2002 348 2422 434 habiturum,

363 445 429 504 et
482 443 580 504 est
630 439 825 504 hodie
878 439 949 503 in
1002 439 1217 523 bonis3
1278 438 1415 523 sed,
1477 439 1783 523 quoniam
1825 437 2022 501 habet
2067 441 2422 522 praeterea

362 528 626 615 negotia
669 531 887 592 vetera
930 528 1001 591 in
1047 490 1269 591 Sicilia
1314 547 1446 611 sua,
1493 529 1558 590 et
1601 526 1769 590 hanc
1811 525 2254 590 hereditatem
2294 527 2422 590 fra-

360 620 613 681 ternam
676 620 743 680 et
806 616 1023 681 omnia
1086 616 1223 680 eius
1285 615 1411 678 tibi
1475 614 1851 679 commendo
1913 614 1984 677 in
2041 613 2421 715 primisque

360 704 607 789 ipsum,
665 704 878 769 virum
937 704 1257 787 optimum
1316 702 1605 787 mihique
1658 702 2280 787 familiarissimum,
2343 704 2422 767 113
2443 722 2461 759 ⁵

363 793 593 857 studiis
635 792 1002 856 litterarum
1049 791 1505 892 doctrinaeque
1548 792 1939 875 praeditum,
1991 790 2245 874 quibus
2297 813 2421 877 ego

292 898 325 945 2
360 881 641 945 1113111113
701 880 997 944 delector.
1086 878 1248 944 Peto
1309 878 1513 964 igitur
1570 901 1684 964 aps
1737 883 1831 964 te,
1893 882 1969 942 ut
2024 900 2210 963 eum,
2283 881 2424 944 sive

362 969 570 1033 aderit
628 968 763 1032 sive
820 989 954 1032 non
1007 968 1258 1031 venerit
1315 968 1384 1030 in
1441 964 1754 1052 Siciliam,
1809 967 1879 1031 in
1931 967 2095 1031 meis
2151 968 2424 1031 intimis

362 1057 767 1140 maximeque
811 1055 1185 1120 necessariis
1230 1054 1394 1118 scias
1439 1076 1576 1119 3333
1619 1056 1838 1140 itaque
1882 1058 2141 1139 tracteS,
2194 1060 2279 1119 ut
2331 1057 2423 1119 in-

362 1146 629 1232 tellegat
663 1166 874 1209 meam
909 1143 1036 1207 sibi
1074 1143 1696 1208 commendationem
1740 1165 1977 1230 magno
2023 1143 2422 1209 adiumento
2447 1164 2478 1201 11·
2515 1182 2517 1211 ÷

363 1234 579 1298 fuisse.
2515 1230 2517 1235 ’

791 1508 907 1564 Ser.
945 1510 1171 1577 Romae,
1206 1518 1272 1566 ut
1305 1512 1538 1577 videtur,
1578 1528 1630 1565 a.
1676 1513 1790 1566 708
1830 1513 1967 1578 (46).

822 1631 1081 1688 CICERO
1119 1632 1359 1687 ACILIO
1396 1632 1854 1687 PROCONSULI
1889 1632 1942 1688 S.
2519 1637 2521 1785 ¹

298 1777 326 1824 1
501 1754 568 1821 C.
614 1756 860 1844 Flavio,
903 1759 1177 1823 honesto
1224 1762 1290 1822 et
1336 1763 1565 1823 ornato
1611 1759 1825 1842 equite
1870 1757 1966 1843 Β,
2019 1762 2180 1823 utor
2233 1761 2428 1825 valde
2449 1780 2482 1817 15

366 1846 799 1933 familiariter3
854 1848 981 1911 fuit
1035 1848 1206 1911 enim
1252 1848 1476 1932 generi
1521 1848 1674 1930 mei,
1736 1845 1802 1910 C.
1847 1845 2137 1931 Pisonis,
2185 1871 2430 1931 perne-

367 1935 707 2019 3333311113,
766 1956 997 2020 meque
1057 1935 1550 2036 diligentissime
1611 1936 1953 1999 observant
2013 1938 2078 1998 et
2143 1936 2307 2020 ipse
2371 1942 2430 2002 et

362 2021 435 2087 L.
471 2022 753 2108 Flavius,
797 2025 997 2088 frater
1040 2024 1193 2087 31113.
1286 2022 1694 2107 Quapropter
1727 2022 1922 2087 velim
1965 2022 2260 2089 honoris
2301 2028 2432 2090 mei

368 2132 583 2211 causa,
630 2075 866 2195 qui'bus
910 2111 1103 2175 rebus
1146 2111 1416 2175 honeste
1463 2115 1528 2175 et
1572 2133 1692 2194 pro
1736 2113 1850 2174 tua
1897 2110 2234 2196 dignitate
2288 2119 2432 2199 pot

366 2199 523 2283 3113,
596 2221 791 2283 quam
856 2198 1505 2263 honorificentissime
1565 2203 1630 2263 et
1690 2220 1882 2283 quam
1947 2200 2432 2267 liberalissime
2453 2222 2485 2258 ἑο

367 2284 435 2349 C.
480 2285 780 2350 Flavium
822 2290 1073 2351 tractes
1163 2285 1241 2350 Id
1284 2287 1449 2350 mihi
1496 2288 1589 2350 313
1634 2288 1757 2351 erit
1800 2290 2092 2373 gratum,
2147 2293 2232 2353 ut

295 2393 325 2439 2
364 2374 495 2438 tius
542 2396 677 2438 3333
723 2374 891 2438 1111111
932 2376 1153 2458 possit.
1247 2373 1377 2438 Sed
1418 2378 1750 2458 praeterea
1783 2375 1908 2439 tibi
1945 2375 2238 2441 adfirmo
2288 2315 2437 2467 {ne

365 2483 489 2545 que
535 2461 603 2525 id
649 2461 1001 2526 ambitione
1038 2462 1351 2526 adductus
1388 2463 1573 2547 facie,
1620 2463 1731 2527 sed
1768 2484 1914 2527 cum
1957 2463 2437 2533 familiaritate

365 2554 429 2613 et
487 2550 957 2614 necessitudine
1014 2553 1156 2614 tum
1216 2552 1413 2616 etiam
1471 2514 1772 2637 veritate)
1831 2555 1897 2614 te
1959 2573 2040 2616 ex
2101 2551 2180 2617 G.
2235 2556 2438 2621 Flavi

364 2638 581 2702 officio
656 2642 722 2701 et
795 2639 1200 2721 opservantia
1263 2644 1328 2702 et
1399 2643 1731 2724 praeterea
1794 2639 2140 2722 splendore
2225 2648 2438 2729 atque
2461 2660 2494 2699 2³

362 2726 533 2790 inter
586 2747 737 2791 suos
792 2726 1004 2813 gratia
1054 2749 1359 2813 magnam
1404 2727 1806 2812 voluptatem
1860 2748 1996 2791 esse
2046 2734 2441 2813 capturum

361 2813 544 2879 Vale.

1241 2970 1509 3036 XXXII.

794 3091 907 3148 Ser.
947 3092 1181 3160 Romae,
1216 3100 1281 3147 ut
1315 3094 1549 3160 videtwr,
1585 3110 1636 3147 a.
1680 3095 1794 3148 708
1833 3095 1972 3160 (46).

821 3212 1076 3269 CICERO
1114 3213 1357 3269 ACILIO
1397 3213 1854 3269 PROCONSULI
1892 3214 1945 3269 S.
2459 3242 2496 3278 36

294 3356 320 3401 1
497 3339 575 3404 In
611 3340 959 3404 Halaesina
996 3340 1255 3404 civitate
1301 3343 1438 3403 tam
1472 3340 1650 3403 lauta
1693 3344 1958 3423 tamque
2003 3342 2228 3408 nobili
2281 3368 2438 3411 con-

362 3426 801 3492 iunctissimos
853 3428 1064 3491 habeo
1120 3431 1184 3490 et
1236 3426 1523 3510 hospitio
1581 3432 1645 3491 et
1699 3428 2150 3493 familiaritate
2207 3432 2308 3499 M.
2372 3438 2438 3497 et

365 3512 432 3576 C.
465 3513 729 3577 Clodios
754 3514 1245 3600 Archagathum
1292 3518 1357 3577 et
1400 3513 1759 3581 Philonem.
1844 3514 1972 3581 Sed
2017 3540 2279 3607 vereor,
2333 3545 2437 3607 ne,
