2567 3884
381 194 515 259 480
1139 192 1655 247 EPISTULARUM

1311 406 1486 471 XIV.

905 526 1018 583 Ser.
1056 528 1170 581 III
1196 527 1284 581 Id.
1324 527 1464 595 Apr.
1503 546 1554 582 a.
1595 530 1702 582 701
1745 529 1882 595 (53).

1056 650 1360 705 TULLIUS
1398 650 1654 703 TIRONI
1691 650 1742 703 s,

312 794 337 842 1
508 774 832 840 Andricus
876 777 1187 859 postridie
1224 776 1308 839 ad
1350 798 1454 840 me
1482 776 1678 859 venit,
1725 797 1918 860 quam
1946 779 2416 859 exspectaram,

376 865 593 949 itaque
639 865 839 929 habui
884 869 1141 928 noctem
1185 865 1444 948 plenam
1480 864 1734 928 timoris
1773 886 1846 927 ac
1881 864 2194 928 miseriae.
2255 862 2413 925 Tuis
2469 881 2489 920 5

374 953 613 1017 litteris
667 954 874 1017 nihilo
932 976 1075 1016 sum
1120 954 1328 1016 factus
1375 953 1638 1036 certior,
1695 974 1822 1036 quo
1869 952 2062 1016 modo
2107 955 2176 1015 te
2220 951 2414 1015 habe-

375 1063 493 1125 res,
542 1042 654 1105 sed
698 1045 915 1105 tamen
960 1064 1104 1104 sum
1150 1045 1488 1105 recreatus.
1581 1040 1725 1126 Ego
1765 1040 1940 1104 omni
1988 1040 2411 1104 delectatione

374 1130 739 1213 litterisque
787 1130 1086 1193 omnibus
1132 1151 1345 1213 care0,
1393 1150 1550 1213 quas
1597 1132 1772 1214 ante,
1819 1150 2012 1211 quam
2057 1131 2123 1192 te
2171 1128 2408 1211 videro,

378 1218 696 1303 attingere
735 1239 868 1281 non
911 1240 1191 1301 possum.
1264 1181 1535 1301 M'edicO,
1580 1217 1892 1281 mercedis
1940 1221 2256 1300 quantum
2300 1238 2409 1299 po-

307 1322 339 1370 2
378 1309 528 1389 scet,
572 1305 872 1407 promitti
916 1306 1155 1369 iubeto,
1228 1304 1307 1368 Id
1351 1305 1578 1389 scripsi
1625 1306 1705 1368 ad
1748 1304 2100 1369 Ummium.
2194 1303 2405 1367 Audio
2435 1323 2484 1359 ιο

377 1397 442 1457 16
498 1394 714 1458 animo
770 1394 921 1479 angi
976 1397 1041 1458 et
1093 1394 1414 1457 medicum
1470 1394 1679 1457 dicere
1729 1415 1808 1457 ex
1854 1414 1930 1456 eo
1985 1396 2050 1456 te
2096 1392 2405 1457 laborare.

380 1480 449 1545 Si
494 1504 599 1545 me
647 1482 881 1568 diligis,
930 1482 1137 1545 excita
1174 1504 1253 1546 ex
1291 1503 1516 1545 somno
1562 1486 1708 1545 tuas
1735 1481 2002 1545 litteras
2047 1480 2404 1544 humanita-

376 1574 653 1654 temque,
699 1574 965 1654 propter
1001 1592 1195 1653 quam
1238 1570 1402 1633 mihi
1440 1592 1506 1633 es
1544 1569 1926 1633 carissimus.
2015 1568 2214 1633 Nunc
2251 1590 2403 1652 opus

378 1661 475 1721 est
520 1662 585 1721 te
645 1658 859 1723 animo
906 1659 1143 1743 valere,
1200 1662 1273 1721 ut
1329 1679 1597 1742 corpore
1648 1658 1872 1741 possis,
1963 1655 2042 1720 Id
2097 1679 2246 1721 cum
2301 1662 2404 1721 tua

377 1750 518 1809 tum
562 1768 707 1810 mea
744 1768 932 1811 causa
966 1747 1179 1830 faciaS,
1226 1769 1263 1809 a
1300 1750 1365 1810 te
1400 1750 1569 1829 peto,
1661 1744 1971 1809 Acastum
2007 1746 2236 1831 retine,
2285 1766 2402 1829 quo
2427 1760 2477 1799 15

378 1836 776 1899 commodius
821 1834 945 1899 tibi
990 1835 1410 1898 ministretur.
1503 1832 1827 1898 Conserva
1870 1837 1936 1897 te
1981 1833 2166 1898 mihi.
2258 1834 2406 1897 Dies

375 1924 841 2006 promissorum
896 1923 1101 2007 adest,
1158 1945 1349 2007 quem
1396 1922 1591 1987 etiam
1637 1922 2158 2006 repraesentabO,
2207 1923 2265 1986 si
2311 1922 2411 1985 ad-

375 2012 642 2076 veneris,
725 2011 944 2075 Etiam
990 2015 1183 2094 atque
1229 2012 1425 2075 etiam
1470 2011 1628 2075 vale.
1707 2028 1789 2074 111
1832 2009 1986 2075 Idus
2029 2010 2096 2074 h.
2142 2028 2234 2074 VI.

1317 2238 1458 2303 XV.

824 2360 936 2415 Ser.
970 2378 1059 2429 pr.
1099 2361 1186 2415 Id.
1226 2359 1365 2427 Apr.
1405 2378 1456 2414 a.
1494 2377 1550 2413 u.
1590 2377 1634 2413 c.
1676 2362 1782 2414 701
1823 2362 1961 2427 (53).
2435 2379 2475 2416 20
2554 2394 2555 2427 ᾗ

1054 2481 1358 2536 TULLIUS
1395 2480 1650 2535 TIRONI
1689 2481 1742 2535 S.

311 2643 337 2690 1
509 2623 813 2711 Aegypta
867 2626 949 2689 ad
1001 2647 1104 2689 me
1150 2625 1328 2689 venit
1381 2648 1476 2708 pr.
1521 2623 1674 2688 Idus
1719 2624 1874 2709 Apr.
1965 2623 2030 2689 Is
2077 2626 2204 2689 etsi
2251 2625 2410 2689 mihi

377 2715 702 2778 nuntiavit
744 2718 811 2778 te
855 2714 1045 2798 plane
1091 2713 1258 2777 febri
1299 2734 1510 2777 carere
1557 2717 1622 2776 et
1659 2714 1826 2777 belle
1872 2713 2130 2797 habere,
2178 2718 2410 2797 tamen,

379 2803 552 2886 quod
610 2802 872 2888 negavit
929 2805 995 2865 te
1052 2802 1340 2884 potuisse
1397 2802 1478 2864 ad
1529 2823 1634 2865 me
1689 2802 1992 2886 scribere,
2053 2822 2277 2866 curam
2323 2802 2412 2865 mi

378 2890 623 2974 attulit,
682 2894 745 2954 61
801 2912 875 2954 60
930 2890 1163 2975 magis,
1221 2889 1396 2973 quod
1438 2888 1732 2973 Hermia,
1789 2911 1979 2972 quem
2035 2890 2264 2954 eodem
2313 2890 2412 2953 die
2437 2902 2478 2943 25

377 2979 596 3043 venire
643 2981 1041 3062 oportuerat,
1086 2999 1218 3042 non
1263 2981 1540 3041 venerat.
1630 2975 2004 3042 Incredibili
2049 2999 2194 3042 sum
2243 2978 2413 3043 solli-

379 3066 663 3130 citudine
718 3066 797 3129 de
849 3069 963 3129 tua
1015 3066 1406 3151 valetudine3
1467 3087 1594 3149 qua
1647 3066 1702 3128 si
1756 3088 1860 3129 me
1903 3065 2204 3130 liberaris
2213 3119 2230 3151 ,
2292 3088 2412 3151 ego

377 3158 442 3218 te
491 3154 668 3218 omni
705 3175 856 3218 cura
898 3153 1208 3217 liberabo.
1298 3153 1496 3217 Plura
1541 3154 1904 3238 scriberem,
1952 3154 2007 3217 si
2053 3154 2186 3217 iam
2230 3159 2414 3239 puta-

378 3263 515 3306 rem
567 3242 868 3306 lubenter
920 3246 985 3305 te
1029 3242 1243 3327 legere
1288 3262 1491 3325 posse.
1583 3240 1925 3327 Ingenium
1968 3246 2184 3327 tuum,
2242 3243 2416 3327 quod

380 3351 499 3414 ego
545 3330 813 3393 maximi
867 3330 1059 3414 faci0,
1115 3330 1337 3394 confer
1391 3330 1473 3393 ad
1524 3333 1588 3392 te
1643 3330 1807 3394 mihi
1861 3330 2114 3413 tibique
2163 3352 2412 3395 conser-
2437 3346 2482 3385 ³⁰

377 3417 683 3501 vandum3
743 3439 895 3482 cura
948 3422 1013 3482 te
1060 3418 1255 3481 ctiam
1303 3421 1494 3501 atque
1539 3418 1735 3481 etiam
1783 3418 2146 3505 diligenter.
2229 3418 2408 3483 Vale

513 3502 767 3587 Scripta
820 3506 950 3569 iam
1005 3506 1279 3589 epistula
1333 3505 1601 3569 Hermia
1645 3506 1838 3570 venit.
1931 3506 2175 3591 Accepi
2233 3511 2406 3571 tuam
