2567 3884
602 196 664 263 Q.
697 196 821 253 010
851 196 946 250 DE
977 196 1206 253 PETIT
1237 197 1336 250 AD
1366 197 1439 252 M.
1469 196 1727 252 FRATR.
1757 202 1981 253 51—58.
2160 196 2285 260 577

408 341 552 426 Fac,
597 345 670 406 ut
715 363 783 405 se
829 341 942 405 abs
987 344 1052 405 te
1099 340 1407 406 custodiri
1453 344 1644 424 atque
1692 341 2014 405 observari
2060 340 2289 426 sciant3

71 430 78 434 ’
206 448 210 451 ·
279 452 423 495 011111
479 430 879 516 diligentiam
933 433 1137 513 tuam,
1196 450 1343 493 cum
1398 429 1843 493 auctoritatem
1896 430 2153 511 vimque
2200 428 2290 490 di-

280 519 461 584 cendi
515 523 657 582 tum
709 519 998 601 profecto
1054 518 1367 601 equestris
1414 517 1655 582 ordinis
1701 539 1851 603 erga
1895 521 1961 581 te
2006 517 2289 580 studium

169 610 174 615 ’
277 607 744 692 pertimescent.
832 604 1049 690 Atque
1091 606 1250 670 haec
1304 606 1397 671 ita
1440 605 1587 671 volo
1633 608 1698 670 te
1742 606 1871 669 illis
1914 626 2288 690 proponere,
2325 620 2390 671 56

227 714 253 753 5
278 698 403 761 non
446 699 521 758 ut
564 694 818 758 videare
863 693 1330 759 accusationem
1374 694 1503 757 iam
1547 693 1861 778 meditari,
1906 694 2017 757 sed
2060 697 2133 757 ut
2166 693 2291 757 hoc

279 788 523 847 terrore
568 782 818 846 facilius
861 782 986 847 hoc
1029 780 1258 867 ipsum,
1305 782 1478 865 quod
1522 782 1676 868 agis,
1723 802 2121 865 consequare.
2203 780 2291 845 Et

279 870 467 955 plane
513 870 604 933 sic
649 870 957 935 contende
1011 870 1309 935 omnibus
1362 870 1575 934 nervis
1619 891 1693 934 ac
1737 870 2171 954 facultatibUS,
2217 873 2290 933 ut

282 958 732 1044 adipiscamur,
778 958 951 1043 quod
991 958 1285 1042 petimus
1376 956 1583 1023 Video
1628 958 1807 1023 nulla
1850 980 1985 1024 esse
2029 957 2291 1022 comitia

280 1051 416 1110 tam
474 1046 807 1131 inquinata
861 1046 1238 1133 largitione,
1302 1046 1536 1131 quibus
1591 1067 1724 1110 non
1780 1047 1982 1148 gratis
2040 1046 2289 1130 aliquae

4 1134 6 1143 '
124 1123 128 1127 ⁴
203 1154 256 1193 ιο
285 1135 605 1199 centuriae
632 1135 1002 1199 renuntient
1029 1156 1177 1199 suos
1191 1156 1590 1236 magnopere
1615 1133 2017 1199 necessarios,
2066 1134 2291 1219 Quare,
2328 1154 2356 1193 f»

284 1224 340 1288 si
385 1223 805 1309 advigilamus
848 1244 966 1306 pro
1013 1223 1105 1286 rei
1144 1221 1475 1309 dignitate,
1521 1226 1585 1287 et
1620 1224 1675 1287 si
1719 1226 1973 1288 nostros
2009 1224 2089 1287 ad
2124 1246 2290 1287 sum-

284 1334 460 1375 mum
505 1310 788 1375 studium
836 1310 1224 1395 [benivolos]
1272 1312 1645 1396 excitamus,
1706 1315 1769 1375 et
1814 1311 1869 1375 si
1921 1311 2291 1376 hominibus

285 1399 585 1463 studiosis
663 1398 1145 1501 [gratiosisque]
1221 1400 1427 1463 nostri
1504 1421 1689 1464 suum
1762 1400 1989 1484 cuique
2058 1422 2291 1464 munus

286 1488 706 1571 discribimuS,
752 1491 817 1551 et
853 1487 907 1551 si
944 1487 1473 1589 competitoribus
1508 1488 1815 1552 iudicium
1857 1489 2291 1572 proponimus,

208 1592 260 1633 15
285 1576 718 1683 sequestribus
761 1579 1004 1639 metum
1058 1575 1380 1660 inicimUS,
1437 1576 1743 1640 divisores
1788 1576 2034 1640 ratione
2079 1577 2293 1660 aliqua

287 1669 664 1748 coercemUS,
706 1664 927 1747 perfici
969 1667 1210 1748 potest,
1255 1668 1329 1729 ut
1362 1627 1633 1750 largitio
1686 1665 1863 1729 nulla
1917 1664 2001 1729 sit
2045 1668 2157 1729 aut
2199 1664 2294 1727 ni-

286 1752 384 1816 hil
427 1752 651 1815 valeat.

416 1836 594 1903 Haec
637 1842 802 1925 sunt,
848 1862 1007 1923 quae
1052 1839 1275 1923 putavi
1310 1861 1441 1903 non
1484 1839 1712 1903 melius
1756 1839 1917 1905 scire
1960 1863 2063 1905 me
2100 1863 2291 1925 quam

287 1931 370 2012 te,
415 1928 526 1991 sed
569 1928 818 1993 facilius
860 1928 963 1992 his
1007 1928 1136 1993 tuis
1178 1926 1701 2011 occupationibus
1748 1930 2047 2015 colligere
2092 1951 2291 1994 unum

210 2034 261 2073 20
288 2016 358 2079 in
400 2015 612 2079 locum
655 2038 840 2100 posse
878 2020 942 2079 et
977 2016 1059 2079 ad
1101 2020 1165 2079 te
1208 2016 1562 2100 perscripta
1596 2016 1868 2081 mittere.
1924 2016 2099 2094 Quae
2133 2023 2292 2082 tam-

289 2104 410 2168 etsi
462 2104 555 2168 ita
607 2109 757 2169 sunt
809 2104 1072 2188 scripta,
1126 2107 1200 2167 ut
1242 2125 1375 2171 non
1428 2105 1509 2168 ad
1555 2126 1771 2169 omnes
1781 2157 1798 2189 ,
1854 2106 1965 2189 qui
2016 2106 2292 2171 honores

289 2196 527 2276 petant,
571 2193 684 2256 sed
726 2192 806 2255 ad
850 2197 915 2257 te
957 2192 1218 2293 proprie
1253 2196 1318 2255 et
1363 2192 1444 2255 ad
1486 2193 1652 2256 hanc
1694 2194 2071 2277 petitionem
2114 2199 2292 2260 tuam

291 2280 566 2364 valeant,
618 2284 833 2345 tamen
876 2284 978 2365 tu,
1039 2281 1093 2344 si
1148 2280 1304 2364 quid
1353 2281 1731 2345 mutandum
1784 2304 1919 2347 esse
1971 2284 2295 2348 videbitur

292 2372 403 2431 aut
455 2369 714 2433 0111111110
767 2370 1172 2454 tollendum,
1205 2372 1316 2433 aut
1368 2369 1423 2432 si
1478 2369 1633 2452 quid
1686 2370 1807 2434 erit
1859 2372 2293 2457 praeteritum,

211 2472 265 2513 25
291 2456 484 2521 velim
526 2457 651 2521 hoc
693 2456 855 2521 mihi
900 2457 1097 2543 dicas3
1142 2458 1291 2521 volo
1329 2457 1499 2520 enim
1542 2458 1666 2522 hoc
1702 2460 2292 2525 commentariolum

291 2544 623 2628 petitionis
664 2544 887 2610 haberi
935 2509 1109 2611 omni
1155 2546 1403 2610 ratione
1445 2546 1814 2629 perfectum.

983 2832 993 2867 l

402 3624 636 3665 Ciceronis
663 3625 794 3673 epist.
822 3627 856 3665 1.
1883 3605 1948 3654 37

2330 1859 2392 1904 58
