2567 3884
697 144 796 197 AD
837 144 1084 209 QUINT.
1121 145 1382 203 FRATR.
1420 146 1637 199 LIBER
1671 147 1698 200 I
1737 151 1784 201 1.
2131 144 2261 209 503

232 288 304 351 in
371 287 708 351 scribendo
777 290 1301 353 commemoratio
1374 293 1521 353 tuae
1584 289 1844 354 virtutis
1900 288 2263 373 delectavit3

235 397 629 460 quamquam
675 376 744 439 in
779 377 882 440 his
927 378 1162 441 litteris
1197 377 1459 463 longior
1494 377 1608 463 fui,
1656 399 1847 461 quam
1885 380 1996 440 aut
2030 376 2261 441 vellem

234 468 350 527 aut
398 486 590 548 quam
634 486 738 528 me
781 465 1004 548 putavi
1049 466 1203 529 fore.

369 550 590 617 Unum
636 557 757 636 est,
818 554 991 637 quod
1034 554 1158 617 tibi
1205 575 1327 639 ego
1371 554 1736 637 praecipere
1780 574 1912 615 non
1960 551 2261 636 desinam,

178 657 207 697 5
236 662 444 723 neque
491 644 555 705 te
599 640 835 726 patiar,
883 646 1193 725 quantum
1239 641 1363 705 erit
1408 642 1479 705 in
1522 663 1652 725 me,
1700 662 1845 704 cum
1890 641 2262 723 exceptione

234 728 502 792 laudari.
594 727 830 793 Omnes
884 730 1080 814 enim,
1138 730 1248 813 qui
1304 730 1496 793 istinc
1539 729 1832 813 veniunt,
1890 729 1983 792 ita
2030 729 2106 791 de
2151 732 2264 791 tua

234 816 503 901 virtute,
562 817 959 903 integritate,
1018 819 1419 882 humanitate
1476 820 1977 881 commemorant
1990 867 2008 900 ,
2067 819 2141 879 ut
2194 816 2264 879 in

234 904 367 968 tuis
405 905 671 969 summis
708 905 1004 969 laudibus
1033 907 1355 990 excipiant
1390 928 1584 969 unam
1621 905 2042 989 iracundiam3
2090 904 2264 987 quod

234 992 472 1056 vitium
510 1014 655 1056 cum
700 994 768 1057 in
812 994 933 1057 hac
977 994 1228 1078 privata
1269 994 1715 1077 cotidianaque
1752 994 1886 1057 vita
1930 992 2091 1057 levis
2128 1014 2263 1055 esse

151 1099 206 1138 10
237 1080 441 1144 animi
494 1084 686 1164 atque
741 1082 979 1146 infirmi
1033 1083 1313 1167 videtur,
1367 1086 1508 1146 tum
1552 1104 1705 1146 vero
1760 1081 1926 1145 nihil
1980 1083 2075 1144 est
2128 1083 2263 1143 tam

238 1168 525 1246 deforme
593 1191 786 1253 quam
852 1170 933 1233 ad
995 1192 1316 1235 summum
1376 1170 1718 1255 imperium
1777 1170 1970 1233 etiam
2024 1167 2265 1232 acerbi-

237 1259 442 1319 tatem
487 1261 751 1321 naturae
807 1258 1168 1343 adiungere.
1260 1258 1469 1335 Quare
1519 1258 1682 1322 illud
1725 1279 1857 1322 non
1903 1255 2263 1340 suscipiam,

237 1347 340 1427 ut,
395 1366 555 1427 quae
604 1346 679 1409 de
733 1345 1061 1410 iracundia
1107 1346 1232 1409 dici
1294 1348 1500 1410 solent
1546 1369 1583 1409 a
1630 1346 2014 1410 doctissimis
2058 1345 2263 1408 homi-

238 1432 457 1516 nibus,
517 1455 591 1497 ea
648 1454 819 1496 nunc
875 1434 999 1497 tibi
1060 1456 1400 1519 exponam,
1461 1456 1606 1498 cum
1661 1437 1725 1498 et
1777 1434 1972 1497 nimis
2029 1433 2264 1519 longus

155 1536 210 1577 15
240 1542 377 1584 esse
435 1520 639 1584 nolim
695 1525 759 1585 et
819 1543 896 1585 ex
953 1522 1307 1586 multorum
1366 1521 1621 1605 scriptis
1682 1544 1755 1585 ea
1813 1522 1999 1585 facile
2058 1521 2267 1605 possis

241 1629 658 1694 cognoscere3
714 1610 899 1693 illud,
957 1610 1129 1692 quod
1174 1613 1270 1673 est
1318 1610 1623 1693 epistolae
1667 1610 2027 1693 proprium,
2074 1614 2147 1672 ut
2192 1610 2264 1693 is,

239 1697 322 1760 ad
373 1718 566 1779 quem
611 1697 939 1780 scribitur,
989 1697 1064 1760 de
1110 1698 1190 1760 iis
1236 1697 1453 1781 rebus,
1501 1719 1657 1780 quas
1703 1698 1985 1782 ignorat,
2033 1698 2266 1760 certior

238 1785 382 1868 fiat,
427 1785 1067 1867 praetermittendum
1114 1807 1247 1849 esse
1292 1807 1423 1848 non
1468 1789 1643 1868 puto,
1719 1784 1825 1848 Sic
1861 1785 1941 1847 ad
1976 1806 2095 1847 nos
2134 1807 2264 1848 om-

239 1876 354 1936 nes
391 1872 523 1936 fere
563 1873 871 1957 deferunt,
906 1873 1088 1956 nihil,
1127 1894 1271 1936 cum
1308 1872 1475 1936 absit
1511 1873 1855 1956 iracundia,
1895 1872 2131 1955 [dicere
2168 1893 2266 1938 so-

155 1978 211 2019 20
238 1960 406 2045 lent]
471 1964 536 2024 te
594 1962 736 2025 fieri
797 1982 984 2045 posse
1043 1961 1382 2025 iucundius
1390 2012 1407 2045 ,
1472 1961 1607 2045 sed,
1673 1982 1818 2024 cum
1876 1963 1957 2024 te.
1998 1959 2265 2023 alicuius

239 2049 625 2132 improbitas
687 2050 1195 2133 perversitasque
1261 2048 1703 2133 commoverit,
1769 2048 1860 2112 sic
1920 2052 1986 2111 te
2050 2048 2264 2111 animo

240 2137 525 2221 incitari,
598 2140 672 2200 ut
735 2138 815 2201 ab
891 2137 1190 2201 omnibus
1251 2142 1364 2201 tua
1429 2137 1822 2200 desideretur
1881 2136 2263 2200 humanitas

241 2223 480 2309 Quare,
535 2226 839 2309 quoniam
894 2226 963 2289 in
1018 2248 1158 2289 eam
1210 2226 1525 2289 rationem
1569 2224 1741 2289 vitae
1792 2246 1912 2289 nos
1956 2246 2087 2289 non
2130 2228 2265 2288 tam

240 2313 561 2396 cupiditas
616 2314 926 2396 quaedam
980 2314 1224 2399 gloriae
1280 2336 1472 2397 quam
1531 2334 1632 2377 res
1686 2314 1826 2398 ipsa
1880 2335 1953 2377 ac
2006 2315 2267 2377 fortuna

161 2418 213 2457 25
247 2402 538 2483 deduxit,
587 2406 661 2464 ut
707 2402 1130 2486 sempiternus
1181 2424 1388 2466 sermo
1433 2402 1770 2466 hominum
1818 2402 1893 2466 de
1937 2403 2125 2466 nobis
2171 2403 2267 2465 fu-

241 2492 431 2553 turus
477 2489 578 2573 sit,
627 2511 975 2574 caveamUS,
1023 2494 1335 2573 quantum
1379 2491 1629 2555 efficere
1667 2494 1731 2555 et
1778 2490 2079 2574 consequi
2122 2512 2266 2573 pos-

244 2599 491 2662 sumus,
553 2581 625 2640 ut
669 2600 750 2641 ne
796 2578 969 2662 quod
1012 2578 1082 2641 in
1126 2578 1317 2642 nobis
1361 2578 1612 2663 insigne
1656 2579 1889 2642 vitium
1933 2579 2129 2641 fuisse
2177 2578 2266 2640 di-

245 2669 442 2729 catur.
532 2665 760 2748 Neque
815 2687 935 2751 ego
990 2688 1161 2730 nunc
1212 2665 1339 2731 hoc
1384 2666 1725 2751 contendo,
1779 2666 1953 2769 quod
1995 2667 2265 2729 fortasse

244 2774 391 2817 cum
436 2754 506 2816 in
553 2754 728 2817 omni
768 2758 998 2817 natura
1039 2759 1181 2818 tum
1226 2755 1355 2818 iam
1399 2754 1470 2817 in
1504 2758 1725 2818 nostra
1761 2758 1967 2817 aetate
2004 2753 2265 2817 difficile

163 2858 215 2898 8⁰
243 2846 341 2905 est
353 2893 371 2925 ,
431 2846 680 2905 mutare
735 2843 1019 2906 animum
1075 2847 1170 2927 et,
1230 2842 1285 2906 si
1340 2842 1497 2926 quid
1548 2845 1646 2905 est
1698 2842 1955 2925 penitus
1998 2840 2266 2905 insitum

240 2930 559 3013 moribus,
605 2930 676 2993 id
720 2931 936 2995 subito
983 2931 1281 3015 evellere,
1330 2931 1441 2993 sed
1484 2933 1550 2993 te
1594 2929 1757 2993 illud
1801 2929 2129 3013 admoneo,
2175 2933 2266 3014 ut,

241 3018 296 3081 si
350 3018 477 3081 hoc
533 3018 720 3101 plene
775 3019 978 3083 vitare
1036 3040 1168 3083 non
1220 3022 1429 3103 potes,
1491 3018 1663 3100 quod
1718 3020 1863 3080 ante
1920 3019 2267 3100 occupatur

241 3106 494 3169 animus
540 3106 620 3169 ab
666 3107 1021 3191 iracundia,
1068 3129 1260 3189 quam
1303 3104 1641 3190 providere
1687 3105 1854 3169 ratio
1899 3106 2138 3189 potuit,
2184 3127 2265 3170 ne

242 3198 661 3278 occuparetur
668 3246 686 3279 ,
739 3200 814 3259 ut
867 3199 932 3259 te
977 3198 1124 3259 ante
1170 3216 1499 3278 compares
1546 3193 1905 3276 cotidieque
1957 3193 2266 3258 meditere

160 3298 214 3339 ⁸5
244 3283 669 3347 resistendum
723 3304 859 3347 esse
912 3283 1303 3367 iracundiae,
1359 3303 1631 3364 cumque
1686 3304 1759 3346 ea
1811 3281 2089 3345 maxime
2134 3281 2266 3345 ani-

238 3392 418 3434 mum
480 3374 766 3455 moveat,
829 3375 970 3435 tum
1033 3371 1157 3435 tibi
1221 3393 1357 3435 esse
1421 3369 1911 3455 diligentissime
1974 3369 2265 3455 linguam

240 3458 716 3545 continendam,
777 3480 938 3543 quae
993 3459 1252 3543 quidem
1306 3459 1467 3523 mihi
1513 3459 1719 3523 virtus
1765 3458 2089 3523 interdum
2133 3480 2267 3523 non

2286 514 2367 577 13

2298 604 2367 653 37

2302 1802 2370 1850 38
