2567 3884
355 199 486 262 304
1115 199 1633 253 EPISTULARUM

355 341 424 404 in
470 343 651 404 tanta
706 341 1070 424 frequentia
1124 341 1409 405 militum
1453 345 1930 426 veteranorum,
1987 363 2149 425 quos
2195 341 2393 406 etiam

358 428 434 492 de
479 429 846 512 reponenda
891 453 1002 493 ara
1039 430 1324 515 cogitare
1370 430 1689 516 audimus3
1738 430 1911 514 quod
1944 431 2108 494 velle
2146 433 2211 493 et
2247 451 2395 514 pro-

355 517 509 580 bare
563 517 675 580 vix
729 517 1068 602 quisquam
1121 539 1311 600 posse
1364 517 1645 602 videtur,
1704 519 1818 602 qui
1875 540 1994 582 nos
2054 517 2268 582 salvos
2330 522 2395 582 et

355 604 662 669 honestos
725 605 898 669 velit.
1006 604 1146 669 Nos
1210 605 1294 670 ab
1366 605 1556 670 initio
1621 610 1939 690 spectasse
2002 606 2209 670 otium
2275 627 2395 670 nec
2562 643 2564 720 *

359 693 702 776 quicquam
749 693 925 757 aliud
967 693 1268 758 libertate
1310 695 1635 758 communi
1682 695 2002 777 quaesisse
2038 694 2253 758 exitus
2293 694 2395 758 de·
2444 713 2469 750 5
2562 727 2564 764 :

357 782 574 844 clarat.
664 780 913 846 Fallere
969 803 1160 845 nemo
1218 803 1339 845 nos
1392 785 1607 864 potest
1660 783 1788 846 nisi
1839 786 1940 867 tu,
2000 781 2176 865 quod
2222 787 2395 846 certe

356 869 538 933 abest
583 870 665 933 ab
712 873 825 934 tua
867 870 1108 933 virtute
1145 873 1211 932 et
1246 870 1400 955 fide3
1446 870 1558 933 sed
1592 870 1757 934 alius
1792 891 1982 934 nemo
2018 871 2396 934 facultatem

356 957 556 1020 habet
602 957 959 1041 decipiendi
1004 979 1149 1042 nos3
1193 958 1320 1021 tibi
1366 957 1539 1021 enim
1585 959 1697 1022 uni
1736 958 2121 1022 credidimus
2159 962 2226 1021 et
2264 979 2395 1022 cre-

361 1044 561 1109 dituri
625 1067 860 1109 sumus.
960 1045 1246 1109 Maximo
1310 1045 1545 1109 timore
1610 1047 1687 1110 de
1749 1046 1939 1110 nobis
2004 1046 2397 1110 adficiuntur

359 1132 550 1196 amici
593 1134 827 1218 nostri3
875 1133 1109 1216 quibus
1147 1134 1268 1198 etsi
1303 1138 1417 1197 tua
1451 1135 1610 1198 fides
1648 1135 1979 1218 explorata
2015 1137 2128 1218 est,
2174 1137 2395 1198 tamen
2422 1153 2471 1190 ιο

360 1221 523 1284 illud
568 1221 637 1283 in
691 1225 975 1285 mentem
1020 1222 1222 1305 venit,
1277 1221 1761 1286 multitudinem
1806 1226 2258 1286 veteranorum
2304 1222 2395 1285 fa-

359 1309 544 1372 cilius
583 1309 829 1392 impelli
867 1310 949 1373 ab
988 1310 1131 1374 aliis
1169 1310 1461 1393 quolibet
1497 1333 1691 1394 quam
1720 1333 1757 1374 a
1782 1314 1849 1374 te
1884 1310 2149 1374 retineri
2185 1331 2394 1394 posse.

357 1395 697 1460 Rescribas
753 1398 942 1461 nobis
997 1399 1078 1461 ad
1125 1399 1367 1482 omnia,
1420 1420 1749 1484 rogamus3
1802 1421 1953 1462 nam
1998 1398 2162 1462 illud
2207 1398 2395 1462 valde

356 1484 497 1546 leve
543 1488 641 1548 est
686 1506 759 1548 ac
803 1486 1244 1572 nugatorium,
1302 1508 1375 1550 ea
1420 1508 1489 1550 re
1549 1487 1996 1550 denuntiatum
2041 1507 2177 1549 esse
2222 1489 2395 1550 vete-

359 1572 558 1655 ranis,
619 1572 793 1655 quod
847 1574 924 1637 de
979 1574 1333 1638 commodis
1378 1595 1600 1638 eorum
1645 1597 1863 1639 mense
1907 1572 2095 1639 Iunio
2142 1574 2393 1638 laturus
2420 1590 2468 1630 1⁵

359 1680 543 1723 08808.
635 1660 838 1737 Quem
895 1663 1064 1726 enim
1118 1663 1581 1745 impedimento
1634 1664 1927 1727 futurum
1970 1667 2188 1747 putaS,
2245 1683 2393 1726 cum

361 1747 437 1810 de
500 1748 690 1812 nobis
757 1753 1002 1814 certum
1067 1750 1151 1812 sit
1214 1772 1333 1814 nos
1400 1750 1778 1833 quieturos?
1866 1750 2019 1816 Non
2085 1750 2393 1815 debemus

360 1836 658 1919 cuiquam
722 1837 927 1900 videri
998 1838 1273 1902 nimium
1340 1839 1555 1921 cupidi
1619 1839 1789 1903 vitae
1803 1890 1821 1923 ,
1894 1861 2039 1902 cum
2105 1838 2391 1902 accidere

358 1924 546 1988 nobis
592 1924 757 1988 nihil
801 1926 1008 2009 possit
1055 1926 1190 1990 sine
1239 1926 1522 2010 pernicie
1569 1931 1634 1990 et
1678 1927 2052 1991 confusione
2100 1927 2391 1991 omnium

358 2034 590 2078 rerum.
2417 2032 2467 2070 2⁰

1315 2170 1429 2236 ΙΠ.

696 2290 809 2346 Ser.
849 2290 1093 2360 Neapoli
1121 2293 1275 2360 prid.
1314 2293 1449 2346 Non
1484 2292 1631 2348 Sext.
1669 2311 1721 2348 a.
1763 2296 1871 2347 710
1911 2295 2048 2360 (44).

549 2412 834 2467 BRUTUS
871 2413 966 2466 ET
1005 2413 1293 2469 CASSIUS
1328 2415 1439 2470 PR.
1480 2415 1532 2470 S.
1571 2415 1637 2470 D.
1676 2413 2006 2468 ANTONIO
2047 2412 2195 2467 COS.

493 2535 552 2600 S.
583 2560 639 2601 v.
669 2538 729 2602 b.
803 2538 1082 2603 Litteras
1120 2544 1263 2604 tuas
1308 2540 1585 2626 legimus
1632 2540 1995 2604 simillimas
2040 2541 2236 2604 edicti
2272 2540 2387 2624 tui,

357 2626 869 2712 contumeliosaS,
905 2628 1202 2712 minaces,
1238 2628 1505 2692 minime
1543 2629 1787 2714 dignas,
1825 2650 1987 2711 quae
2024 2651 2061 2691 a
2096 2632 2163 2694 te
2199 2629 2387 2692 nobis
2420 2644 2469 2685 2⁵

355 2714 783 2778 mitterentur.
873 2714 1030 2799 Nos,
1075 2715 1343 2800 Antoni,
1388 2720 1453 2780 te
1489 2716 1667 2780 nulla
1710 2716 2106 2781 lacessiimus
2152 2717 2389 2781 iniuria

355 2823 561 2885 neque
605 2803 990 2866 miraturum
1037 2804 1441 2889 credidimuS,
1488 2805 1543 2867 si
1587 2808 1915 2887 praetores
1962 2808 2027 2868 et
2064 2826 2137 2868 ea
2184 2805 2389 2890 digni-

354 2893 487 2953 tate
541 2890 837 2955 homines
893 2891 1139 2974 aliquid
1193 2892 1404 2956 edicto
1461 2893 1965 2976 postulassemus
2019 2914 2057 2955 a
2111 2893 2387 2956 consule.

359 2976 602 3053 Quodsi
648 2978 1007 3064 indignaris
1054 3001 1241 3043 ausos
1290 3002 1425 3043 esse
1472 2980 1540 3043 id
1583 2982 1817 3064 facere,
1865 2980 2137 3044 concede
2181 2981 2389 3063 nobiS,

353 3069 426 3129 ut
474 3066 803 3130 doleamus
856 3089 938 3130 ne
990 3068 1116 3132 hoc
1178 3067 1437 3151 quidem
1497 3068 1612 3132 abs
1665 3072 1730 3132 te
1784 3068 1993 3132 Bruto
2048 3072 2113 3132 et
2170 3066 2388 3132 Cassio
2415 3084 2463 3123 ³0
2554 3087 2556 3098 ·

354 3153 574 3217 tribui.
665 3153 837 3218 Nam
885 3154 962 3218 de
1001 3156 1343 3220 dilectibus
1388 3156 1631 3220 habitis
1678 3160 1742 3220 et
1785 3156 2075 3239 pecuniis
2120 3155 2391 3240 impera-

355 3241 458 3324 tis,
507 3242 895 3308 exercitibus
943 3244 1308 3308 soHicitatis
1356 3248 1421 3308 et
1465 3244 1713 3308 nuntiis
1748 3247 1927 3307 trans
1962 3265 2139 3308 mare
2175 3245 2390 3309 missis
2552 3163 2557 3386 ἱ

355 3329 530 3411 quod
582 3333 646 3394 te
704 3333 1001 3413 questum
1058 3353 1192 3396 esse
1247 3353 1445 3417 negas
1455 3383 1472 3416 ,
1532 3355 1650 3396 nos
1707 3331 1967 3416 quidem
2020 3332 2147 3395 tibi
2194 3332 2390 3396 credi-

353 3438 495 3480 mus
535 3417 782 3500 optimo
831 3419 1046 3482 animo
1092 3424 1158 3483 te
1204 3420 1450 3504 fecisse,
1496 3420 1607 3484 sed
1647 3424 1863 3484 tamen
1898 3441 2107 3503 neque
2153 3420 2391 3506 adgno-

353 3503 590 3567 scimus
638 3506 981 3589 quicquam
1030 3528 1252 3571 eorum
1301 3511 1366 3571 et
1411 3511 1476 3571 te
1521 3509 1850 3592 miramur,
1902 3528 2047 3572 cum
2092 3508 2252 3573 haec
2298 3531 2389 3572 re-
2414 3520 2460 3562 ³5
