2567 3884
281 1236 323 1299 5

265 1326 331 1374 15

268 2169 334 2219 16

267 3224 332 3271 17

369 251 498 315 546
1141 251 1659 307 EPISTULARUM

366 416 470 458 me
517 394 691 478 quod
734 394 1055 479 admones,
1105 415 1223 457 nec
1265 395 1363 458 fui
1408 417 1715 478 umquam
1759 395 1943 459 valde
1989 396 2288 481 cupidUS,
2336 400 2403 461 et

367 504 538 546 nunc
593 483 818 546 domus
879 482 1245 567 suppeditat
1302 483 1465 547 mihi
1522 482 1862 546 hortorum
1921 484 2401 548 amoenitatem.

366 570 642 635 Romam
701 592 847 634 cum
905 571 1221 634 venissem
1275 592 1328 634 a.
1377 571 1433 633 d.
1492 588 1620 634 XIII
1673 570 1751 633 K.
1814 570 2125 635 Octobres
2133 624 2153 657 ,
2215 573 2403 636 abso-

365 658 576 721 lutum
623 658 859 722 offendi
905 658 974 722 in
1011 658 1274 722 aedibus
1318 658 1450 722 tuis
1493 662 1755 743 tectum,
1801 659 1976 742 quod
2019 682 2216 744 supra
2254 681 2404 724 con-

369 747 572 810 clavia
624 768 756 811 non
807 746 1134 830 placuerat
1187 746 1315 809 tibi
1368 768 1504 810 esse
1557 747 1911 811 multorum
1964 748 2400 833 fastigiorum.
2453 766 2477 805 5

366 833 444 897 Id
497 856 668 897 nunc
720 835 989 898 honeste
1041 835 1252 920 vergit
1306 834 1375 897 in
1431 838 1673 898 tectum
1718 835 2043 899 inferioris
2086 838 2401 919 porticus,

370 921 594 986 Cicero
639 927 876 1006 noster,
924 922 1076 986 dum
1114 944 1234 1008 ego
1282 922 1527 1007 absum,
1573 944 1704 986 non
1741 923 2011 987 cessavit
2046 924 2221 1007 apud
2260 925 2402 987 rhe-

366 1015 591 1074 torem.
651 1010 750 1074 De
777 1011 912 1074 eius
940 1010 1299 1074 eruditione
1328 1010 1502 1094 quod
1535 1010 1806 1095 labores,
1842 1011 2008 1073 nihil
2044 1016 2160 1097 est,
2201 1035 2402 1096 quon·

367 1099 498 1163 iam
551 1100 884 1185 ingenium
938 1099 1074 1161 eius
1127 1099 1327 1182 nosti,
1382 1098 1666 1162 studium
1714 1120 1834 1184 ego
1879 1099 2083 1163 video.
2170 1098 2403 1165 Cetera

371 1188 507 1250 eius
551 1207 643 1251 sw
687 1186 984 1271 suscipiO,
1028 1190 1104 1249 ut
1147 1208 1251 1249 me
1295 1190 1518 1270 putem
1562 1191 1887 1270 praestare
1934 1187 2183 1251 debere.
2425 1206 2469 1243 10

507 1273 853 1338 Gabinium
907 1278 1037 1337 tres
1093 1274 1303 1337 adhuc
1354 1275 1665 1338 factiones
1708 1274 2065 1359 postulant,
2117 1275 2193 1338 L.
2240 1276 2402 1339 Len-

369 1363 570 1447 tulus,
615 1363 894 1425 flaminis
939 1362 1138 1447 filius,
1193 1362 1307 1445 (1111
1351 1362 1479 1425 iam
1528 1363 1605 1425 de
1648 1363 1980 1426 maiestate
2023 1364 2401 1447 postulavit,

370 1449 465 1513 Ti.
555 1448 731 1515 Nero
797 1471 943 1514 cum
1005 1450 1194 1513 bonis
1257 1450 1831 1534 subscriptoribus,
1905 1450 1971 1514 O.
2034 1450 2401 1535 Memmius,

369 1536 668 1601 tribunus
729 1537 834 1621 pl.,
899 1558 1044 1601 cum
1105 1537 1176 1601 L.
1239 1536 1566 1621 Capitone.
1672 1537 1779 1601 Ad
1840 1538 2067 1602 urbem
2132 1541 2402 1603 accessit

371 1648 422 1688 a.
464 1625 520 1688 d.
566 1643 669 1688 XII
713 1625 790 1689 K.
830 1624 1088 1689 Octobr.
1178 1624 1367 1691 Nihil
1411 1626 1665 1709 turpius
1710 1647 1827 1689 nec
1875 1627 2205 1690 desertius
2276 1626 2400 1692 Sed
2424 1643 2467 1682 15

368 1714 471 1777 his
516 1714 770 1776 iudiciis
814 1713 981 1777 nihil
1018 1714 1220 1777 audeo
1258 1714 1593 1778 confidere.
1685 1713 1871 1790 Quod
1919 1713 2078 1778 Cato
2124 1736 2263 1779 non
2298 1738 2401 1779 va-

368 1802 569 1887 lebat,
625 1802 832 1865 adhuc
879 1802 954 1865 de
1009 1802 1299 1885 pecuniis
1344 1802 1713 1886 repetundis
1757 1824 1887 1866 non
1934 1806 2071 1865 erat
2115 1804 2400 1886 postula-

370 1894 490 1954 tus.
563 1890 910 1974 Pompeius
949 1912 986 1952 a
1020 1911 1124 1953 me
1161 1890 1344 1953 valde
1392 1890 1722 1954 contendit
1769 1889 1846 1953 de
1892 1889 2105 1953 reditu
2149 1891 2225 1954 in
2260 1914 2401 1977 gra-

368 1980 559 2062 tiam,
619 1978 731 2042 sed
784 1977 993 2041 adhuc
1043 1977 1210 2041 nihil
1261 1978 1539 2061 profecit
1592 2000 1733 2061 nec,
1792 1978 1848 2041 si
1902 1978 2102 2041 ullam
2147 1983 2401 2061 partem

369 2066 690 2130 libertatis
747 2066 1008 2149 teneb0,
1066 2067 1377 2149 proficiet.
1477 2066 1647 2129 Tuas
1690 2066 1941 2129 litteras
1984 2065 2401 2130 vehementer
2425 2084 2468 2122 20

373 2158 687 2237 exspecto.
763 2152 949 2229 Quod
985 2154 1212 2217 scribis
1246 2158 1313 2216 te
1346 2154 1595 2217 audisse
1632 2154 1701 2217 in
1728 2153 2218 2217 candidatorum
2258 2176 2399 2218 con-

372 2241 681 2305 sularium
728 2242 1006 2305 coitione
1050 2263 1154 2305 me
1199 2242 1593 2325 interfuisse,
1637 2241 1707 2305 id
1750 2241 1984 2306 falsum
2030 2244 2144 2305 est.
2241 2242 2397 2307 Eius

369 2328 548 2392 modi
593 2330 764 2392 enim
817 2330 1145 2413 pactiones
1198 2330 1267 2393 in
1315 2352 1389 2393 ea
1434 2330 1711 2393 coitione
1764 2330 1969 2393 factae
2014 2333 2195 2414 sunt,
2246 2352 2397 2414 quas

370 2420 595 2500 postea
646 2416 990 2481 Memmius
1050 2418 1384 2501 patefecit,
1449 2422 1523 2481 ut
1575 2439 1764 2481 nemo
1822 2417 2031 2481 bonus
2090 2417 2397 2483 interesse

373 2504 697 2589 debuerit,
756 2508 819 2567 et
875 2505 1068 2568 simul
1119 2506 1283 2569 mihi
1338 2506 1868 2570 committendum
1922 2526 2055 2569 non
2107 2506 2271 2590 fuit,
2328 2510 2395 2570 ut
2419 2520 2463 2561 2⁵

372 2592 452 2656 iis
509 2592 900 2656 coitionibus
955 2593 1357 2677 interessem,
1420 2593 1652 2677 quibus
1704 2593 1979 2657 Messala
2038 2594 2396 2657 excludere-

371 2684 494 2744 tur.
583 2679 708 2744 Oui
763 2680 1023 2764 quidem
1069 2682 1480 2745 vehementer
1534 2680 1689 2745 satis
1742 2681 1909 2745 facio
1955 2681 2151 2744 rebus
2199 2682 2395 2745 omni-

370 2768 510 2853 bus,
556 2772 631 2831 ut
676 2769 983 2853 arbitror,
1030 2769 1224 2832 etiam
1269 2769 1593 2833 Memmia
1683 2768 1974 2833 Domitio
2020 2769 2148 2852 ipsi
2194 2770 2396 2833 multa

371 2857 502 2919 iam
560 2857 713 2941 feci,
779 2878 940 2940 quae
995 2857 1204 2920 voluit
1265 2878 1551 2940 quaeque
1611 2879 1649 2920 a
1702 2879 1808 2920 me
1865 2856 2113 2941 petivit.
2212 2856 2395 2923 Scau-

371 2966 516 3007 rum
561 2943 872 3007 beneficio
920 2944 1307 3009 defensionis
1352 2945 1534 3009 valde
1590 2944 1891 3030 obligavi.
1982 2943 2221 3008 Adhuc
2267 2949 2394 3009 erat
2416 2959 2457 2997 ⁵⁰

370 3032 554 3096 valde
599 3032 943 3117 incertum,
989 3037 1055 3096 et
1102 3034 1356 3116 quando
1405 3033 1666 3097 comitia
1712 3037 1775 3095 et
1822 3033 1935 3115 qui
1974 3034 2272 3096 consules
2307 3034 2394 3098 fu-

370 3120 502 3183 turi
549 3124 774 3183 essent.

507 3204 669 3271 Cum
713 3208 880 3271 hanc
924 3209 1054 3272 iam
1100 3208 1440 3292 epistolam
1486 3208 1954 3291 complicarem,
2001 3207 2329 3271 tabeHarii
2362 3230 2395 3271 a

370 3294 556 3358 vobis
600 3300 913 3359 venerunt
959 3319 1012 3360 a.
1061 3296 1117 3359 d.
1162 3314 1239 3360 XI
1283 3295 1362 3359 K.
1417 3297 1465 3380 †
1520 3296 1859 3380 septembr.
1915 3294 2226 3359 vicesimo
2284 3295 2392 3359 die.

2552 1938 2554 2023 ἰ

2552 2212 2554 2299 ὲ

370 3379 424 3444 Ο
470 3403 573 3444 me
619 3383 994 3447 sollicitum!
1056 3388 1369 3467 quantum
1416 3404 1537 3470 ego
1585 3384 1761 3448 dolui
1807 3384 1876 3446 in
1924 3380 2219 3448 Caesaris
2264 3405 2391 3447 sua·
2412 3394 2452 3437 ³⁵
2553 3364 2554 3367 Ἴ

367 3468 648 3532 vissimis
682 3470 944 3535 litteris!
1007 3470 1148 3556 Sed,
1197 3493 1326 3555 quo
1366 3476 1547 3536 erant
1582 3472 1925 3556 suavioreS,
1972 3493 2050 3536 eo
2088 3471 2390 3536 maiorem

371 3554 657 3619 dolorem
701 3558 876 3622 illius
921 3559 1031 3623 ille
1079 3582 1258 3624 casus
1306 3560 1649 3624 adferebat.
1724 3558 1850 3625 Sed
1894 3559 1978 3623 ad
2020 3563 2169 3623 tuas
2212 3560 2391 3625 venio
