2567 3884
988 178 1206 233 LIBER
1239 179 1345 234 Vn
1380 185 1537 235 5-7,
2149 181 2275 244 177

245 316 524 406 ineptias
568 322 724 386 istas
772 327 837 386 et
884 322 1198 387 desideria
1251 323 1431 387 urbis
1478 326 1543 387 et
1596 322 1983 387 urbanitatis
2030 323 2275 407 depone

243 414 339 494 et,
385 431 514 493 quo
563 410 832 475 consilio
877 411 1204 495 profectus
1249 432 1349 495 ee,
1394 411 1463 475 id
1506 410 1881 475 assiduitate
1926 414 1989 474 et
2034 411 2276 475 virtute

245 519 652 582 consequere.
723 498 870 563 Hoc
903 498 1030 563 tibi
1063 502 1198 563 tam
1234 499 1639 585 ignoscemus
1676 521 1794 563 nos
1830 498 2037 583 amici,
2082 522 2275 583 quam

247 586 640 672 ignoverunt
683 586 971 671 Medeae,

189 742 218 783 ⁵
340 726 574 804 ‘Quae
622 724 1077 792 Corinthum
1123 748 1370 791 arcem
1416 727 1649 792 altam
1693 726 2080 791 habebant
2126 727 2276 791 ma·

871 819 1140 880 tronae
1189 815 1625 901 opulentae,
1672 815 2151 899 6ptimates',

245 937 488 1021 quibus
549 937 665 1001 illa
725 938 1023 1002 manibus
1085 938 1557 1024 gypsatissimis
1608 938 1951 1024 persuasit,
2014 959 2095 1001 ne
2150 938 2276 1001 sibi

244 1025 413 1090 vitio
457 1025 608 1089 illae
651 1030 993 1111 verterent,
1040 1027 1213 1110 quod
1257 1026 1508 1091 abesset
1552 1050 1591 1091 a
1632 1028 1868 1113 patria3
1913 1048 2063 1090 nam

341 1165 602 1231 ‘Multi
661 1188 868 1231 suam
926 1188 1082 1231 rem
1140 1167 1331 1231 bene
1393 1189 1696 1253 gessere
1756 1170 1831 1231 et
1887 1166 2270 1252 publicam

164 1272 217 1311 ιο
1546 1256 1801 1339 patria
1845 1255 2142 1340 procu13

337 1341 594 1429 Multi,
649 1342 780 1426 qui
835 1343 1036 1407 domi
1093 1345 1421 1407 aetatem
1466 1348 1812 1431 agerent,
1863 1344 2275 1428 pr6pterea

1452 1436 1625 1496 sunt
1671 1431 2140 1516 improbati'.

236 1554 393 1629 Quo
437 1553 511 1616 in
554 1575 820 1618 numero
865 1558 940 1618 tu
977 1558 1148 1617 certe
1193 1554 1441 1639 fuisses,
1486 1554 1613 1618 nisi
1655 1558 1721 1618 te
1767 1555 2274 1619 extrusissemus.
2313 1572 2344 1619 2

247 1641 378 1707 Sed
429 1641 617 1725 plura
669 1642 1020 1707 scribemus
1075 1641 1248 1706 alias.
1322 1642 1440 1727 Tu,
1487 1643 1599 1726 qui
1646 1643 1873 1707 ceteris
1920 1663 2140 1707 cavere
2187 1643 2277 1708 di-

163 1746 218 1786 15
249 1730 497 1815 dicisti,
542 1730 613 1793 in
656 1729 993 1794 Britannia
1036 1752 1118 1795 ne
1154 1730 1236 1794 ab
1274 1730 1609 1794 essedariis
1653 1730 2008 1816 decipiaris,
2054 1735 2276 1796 caveto

247 1822 314 1883 et
373 1816 710 1905 (quoniam
760 1818 1053 1882 Medeam
1109 1819 1291 1903 coepi
1350 1816 1567 1905 agere)
1626 1818 1790 1884 illud
1848 1840 2098 1902 semper
2148 1841 2279 1883 me-

243 1909 500 1971 mento:

337 2027 513 2107 ‘Qui
584 2028 746 2116 ipse
820 2029 972 2094 sibi
1045 2028 1347 2115 sapiens
1417 2030 1778 2114 prodesse
1851 2030 1999 2091 n6n
2082 2030 2277 2115 quit,

1373 2118 1836 2201 nequiquam
1886 2116 2142 2200 sapit'.

163 2259 219 2299 20
250 2239 452 2325 Cura,
501 2242 577 2305 ut
621 2240 850 2305 valeas.

1187 2395 1333 2464 VII.

651 2518 766 2578 Ser.
813 2518 1021 2575 Romae
1056 2535 1138 2575 ex.
1173 2537 1245 2575 m.
1291 2520 1422 2575 Iun.
1467 2538 1520 2574 a.
1572 2522 1682 2575 700
1732 2523 1869 2587 (54).

899 2640 1178 2696 ,CICERO
1217 2641 1599 2697 TREBATIO.

382 2783 526 2871 Ego
581 2789 646 2849 te
701 2786 1144 2849 commendare
1196 2806 1331 2849 non
1377 2785 1643 2871 desist0,
1688 2786 1825 2887 sed,
1883 2785 2039 2869 quid
2082 2786 2275 2869 profi·
2315 2805 2345 2853 1

167 2890 221 2931 25
248 2873 446 2957 ciam,
505 2894 583 2937 ex
640 2876 706 2937 te
765 2872 925 2937 scire
984 2873 1196 2958 cupio.
1282 2871 1477 2957 Spem
1534 2874 1882 2937 maximam
1938 2873 2146 2937 habeo
2206 2874 2275 2937 in

246 2960 486 3045 Balbe,
551 2961 632 3024 ad
695 2983 940 3045 quem
952 2962 1028 3025 de
1088 2965 1156 3025 te
1225 2961 1716 3063 diligentissime
1778 2965 1845 3026 et
1907 2961 2275 3045 saepissime

247 3049 477 3113 scribo,
531 3046 704 3113 Illud
739 3049 914 3113 soleo
951 3050 1190 3134 mirari,
1226 3072 1360 3113 non
1394 3072 1497 3114 me
1533 3050 1773 3114 totiens
1810 3049 2094 3133 accipere
2130 3053 2275 3113 tuas

245 3138 514 3221 litteras,
561 3137 859 3222 quotiens
905 3159 944 3200 a
989 3137 1228 3214 Quinto
1273 3137 1437 3202 mihi
1483 3139 1683 3201 fratre
1728 3136 2115 3201 adferantur.
2196 3135 2276 3201 In

246 3224 585 3290 Britannia
654 3225 822 3289 nihil
893 3247 1028 3290 esse
1107 3225 1299 3291 audio
1380 3247 1587 3309 neque
1670 3225 1809 3289 auri
1889 3247 2097 3309 neque
2179 3247 2275 3289 ar-

165 3332 221 3373 ao
246 3314 444 3400 genti.
529 3310 611 3377 Id
663 3314 719 3378 si
773 3315 953 3399 itast,
1017 3315 1309 3379 essedum
1354 3313 1617 3397 aliquod
1662 3313 1874 3395 capias
1924 3313 2158 3377 suadeo
2210 3317 2275 3377 et

247 3402 328 3466 ad
382 3422 500 3466 nos
554 3422 748 3484 quam
800 3401 1084 3486 primum
1136 3424 1439 3467 recurras.
1532 3399 1648 3464 Sin
1692 3404 1907 3465 autem
1953 3402 2088 3465 sine
2132 3400 2343 3467 Bri-2

246 3490 468 3555 tannia
499 3492 720 3554 tamen
747 3490 1028 3576 adsequi,
1067 3491 1240 3576 quod
1266 3491 1583 3575 volumuS,
1620 3510 1977 3575 possumus,
2022 3490 2273 3575 perfice,

355 3602 434 3645 cio
486 3602 590 3645 0121·
621 3602 831 3652 ephan
1850 3598 1915 3647 12
