2567 3884
249 310 282 358 ὅ

258 2164 289 2211 6

324 150 459 213 212
1073 149 1587 204 EPISTULARUM

452 293 758 378 [Senatus
795 293 1150 371 consultum,
1198 295 1549 358 auctoritas.
1544 293 1591 376 ]
1673 293 1784 358 Pr.
1823 293 1908 358 K.
1956 291 2229 358 Octobris
2272 295 2342 358 in

321 384 467 447 aede
511 382 828 464 Apollinis
871 383 1046 447 scrib.
1095 383 1435 463 adfuerunt
1475 381 1551 446 L.
1589 381 1910 446 Domitius
1952 380 2064 446 Gn.
2096 383 2146 463 f.
2184 382 2340 446 Fab.

319 470 762 536 Ahenobarbus
776 520 790 548 ,
860 470 926 551 Q.
987 469 1292 535 Caecilius
1359 470 1427 551 Q.
1486 471 1536 551 f.
1603 469 1761 534 Fab.
1826 470 2115 534 Metellus
2180 469 2343 534 Pius

322 557 530 640 Scipio
543 608 558 637 ,
622 559 696 622 L.
764 558 990 623 Villius
1043 558 1117 621 L.
1172 559 1222 639 f.
1279 557 1457 622 Pom.
1513 557 1821 636 AnnaliS,
1882 557 1946 623 0.
2008 557 2343 639 Septimius

327 647 395 710 Τ.
436 648 488 728 Γ.
538 646 693 732 Qui„
745 645 810 711 G.
846 645 1130 710 Lucilius
1179 643 1243 710 G.
1280 647 1330 727 Γ.
1369 646 1531 728 Pup.
1568 645 1828 728 Hirrus,
1879 646 1944 712 0.
1984 645 2343 711 Scribonius
2396 663 2425 702 5

327 733 684 818 G.f.Pop.
736 733 954 812 Curio,
999 733 1725 816 L.AteiusL.f.An.
1776 733 2019 818 Capito,
2066 735 2343 816 ΜΕΡ-

309 825 464 906 pius
518 823 618 888 M.
659 824 708 904 Γ.
759 823 892 888 Ter.
971 821 1146 902 Quod
1197 822 1297 886 M.
1344 821 1689 886 Marcellus
1742 843 1855 887 cos.
1901 845 1954 887 v.
1996 824 2045 904 Γ.
2092 825 2343 904 depro-

321 912 545 976 vineiis
590 910 1029 989 consularibus,
1073 911 1130 974 cl.
1160 931 1206 974 e.
1233 932 1285 973 r.
1314 911 1357 974 i.
1386 931 1453 993 0.,
1498 912 1593 974 uti
1627 911 1701 974 L.
1741 909 2012 993 Paulus,
2062 909 2126 976 G.
2156 911 2343 974 Mar-

322 999 507 1064 cellus
543 1019 676 1076 003.,
721 1019 861 1062 cum
895 999 1331 1080 maqistratwm
1365 999 1641 1077 inissent,
1688 1019 1763 1063 ex
1798 998 1883 1063 K.
1922 962 2139 1078 Mart,
2186 1020 2344 1080 quae

323 1089 395 1151 in
447 1108 558 1152 suo
611 1087 980 1168 maqistratu
1028 1088 1282 1168 futurae
1335 1092 1551 1166 essent,
1611 1087 1684 1151 de
1736 1049 2159 1152 consularibus
2192 1105 2423 1169 pro-10

323 1177 547 1240 vinciis
605 1176 692 1240 ad
745 1179 1027 1239 senatum
1087 1176 1413 1258 referrent,
1474 1196 1621 1240 neve
1681 1177 1836 1255 quid
1884 1176 2070 1256 prius
2128 1195 2204 1240 ex
2254 1175 2339 1239 K.

326 1263 524 1327 Mart.
581 1264 668 1327 ad
716 1268 998 1327 senatum
1049 1264 1352 1344 referrent
1407 1284 1555 1328 neve
1604 1264 1760 1344 quid
1808 1265 2179 1328 coniunctim
2222 1262 2342 1347 [de

324 1373 399 1416 ea
448 1373 517 1416 re
567 1352 898 1432 referretur
942 1372 985 1414 a
1029 1351 1375 1434 consiliis]
1429 1353 1637 1432 utique
1689 1352 1821 1415 eius
1864 1353 1957 1416 rei
2000 1371 2192 1416 causa
2216 1372 2342 1433 per

324 1441 455 1504 dies
507 1438 841 1504 comitiales
899 1445 1180 1504 senatum
1233 1440 1522 1514 haberent
1568 1445 1932 1520 senatusque
1976 1460 2136 1504 cons.
2177 1441 2340 1540 face-

323 1533 484 1606 rent,
530 1532 614 1605 et,
659 1547 798 1591 cum
841 1529 913 1592 de
957 1549 1032 1592 ea
1073 1548 1141 1592 re
1185 1528 1272 1592 ad
1312 1533 1594 1593 senatum
1636 1529 1994 1608 referretur,
2051 1549 2095 1592 a
2146 1529 2340 1593 consi-
2368 1544 2422 1583 1⁵

326 1615 448 1694 liis,
493 1617 602 1696 qui
637 1636 846 1680 eorum
890 1617 961 1679 in
1006 1641 1121 1682 ccc
1161 1616 1467 1680 iudicibus
1511 1622 1727 1695 essent,
1782 1636 1831 1680 s.
1864 1617 1913 1697 f.
1950 1636 1998 1681 s.
2045 1617 2341 1680 adducere

327 1703 560 1780 liceret,·
607 1705 666 1768 si
691 1705 845 1784 quid
877 1705 950 1768 cle
985 1725 1060 1768 ea
1092 1725 1160 1768 re
1195 1704 1282 1768 ad
1295 1703 1598 1785 populum
1623 1704 1711 1786 pl.
1740 1725 1810 1768 ve
1836 1704 1960 1769 lato
1988 1725 2142 1785 opus
2176 1709 2339 1779 esset,

324 1793 421 1856 uti
465 1790 594 1855 Ser.
641 1789 984 1873 Sulpicius,
1039 1792 1137 1855 Μ
1185 1791 1530 1856 Marcellus
1556 1811 1688 1868 003.,
1722 1795 2039 1871 praetores
2065 1795 2139 1854 tr.
2167 1810 2221 1870 q.
2238 1788 2347 1871 pl„

325 1880 546 1982 quibus
590 1900 799 1944 eorum
831 1881 1153 1958 videretur,
1197 1881 1286 1944 ad
1316 1880 1618 1961 populum
1646 1881 1733 1963 pl.
1769 1901 1839 1944 ve
1869 1882 2135 1962 ferrent,·
2182 1880 2345 1960 quod

325 1969 385 2033 si
419 1969 473 2032 ii
507 1989 634 2033 non
671 1968 962 2046 tulissent,
999 1970 1109 2052 uti,
1144 1969 1505 2050 quicumque
1531 1969 1810 2049 deinceps
1854 1973 2063 2046 essent,
2110 1968 2197 2032 ad
2225 1988 2341 2050 po-
2369 1983 2421 2023 20

317 2057 546 2138 pulum
577 2055 669 2138 pl.
710 2079 779 2122 ve
819 2060 1063 2135 ferrent
1145 2055 1210 2123 Ο.

462 2144 574 2208 Pr.
620 2144 706 2208 K.
761 2141 1037 2209 Octobres
1079 2145 1152 2208 in
1205 2145 1351 2208 aede
1404 2143 1721 2225 Apollinis
1778 2143 1952 2207 scrib.
2010 2144 2348 2224 adfuerunt

327 2232 400 2295 L.
464 2232 784 2296 Domitius
852 2231 961 2297 Gn.
1020 2233 1069 2313 Γ.
1133 2232 1292 2296 Fab.
1355 2231 1826 2308 Ahenobarbus,
1904 2230 1970 2311 Q.
2041 2229 2345 2296 Caecilius

332 2321 398 2401 Q.
440 2321 488 2401 f.
535 2320 691 2384 Fab.
739 2320 1028 2384 Metellus
1072 2318 1235 2384 Pius
1284 2320 1506 2400 Scipio,
1552 2319 1629 2384 L.
1688 2318 1915 2384 Villius
1959 2319 2033 2382 L.
2076 2320 2126 2400 f.
2165 2318 2341 2383 Pom.

327 2408 621 2486 Annalis,
672 2407 736 2472 Ο.
775 2407 1108 2489 Septimius
1157 2408 1225 2472 Τ.
1259 2409 1307 2489 Γ.
1360 2408 1514 2488 Qui„
1565 2406 1629 2472 O.
1667 2407 1950 2471 Lucilius
1992 2405 2055 2471 G.
2090 2408 2139 2488 f.
2178 2405 2340 2488 Pup.
2370 2422 2423 2462 25

327 2496 584 2574 HirruS,
636 2495 699 2561 O.
748 2495 1106 2561 Scribonius
1157 2495 1219 2561 G.
1261 2497 1311 2577 f.
1359 2495 1513 2576 Pop.
1565 2493 1772 2579 Ourio,
1817 2495 1877 2558 L
1931 2495 2151 2559 Ateius
2187 2495 2260 2558 L.
2293 2496 2341 2576 Γ.

327 2584 453 2648 An.
506 2582 738 2666 Capito,
786 2584 883 2649 M.
930 2585 1177 2666 Egmius
1222 2584 1321 2647 M.
1354 2585 1403 2665 f.
1446 2584 1580 2648 Ter.
1649 2584 1825 2664 Quod
1866 2583 1964 2647 M.
2003 2582 2346 2647 Marcellus

329 2693 441 2737 cos.
489 2695 543 2737 v.
584 2674 633 2755 f.
679 2674 754 2737 de
784 2674 1146 2754 provinciis,
1193 2673 1249 2737 d.
1296 2693 1343 2737 e.
1387 2694 1439 2735 r.
1476 2673 1517 2735 i.
1556 2693 1621 2750 c.,
1666 2676 1947 2736 senatum
1991 2672 2345 2736 existimare

328 2763 634 2826 neminem
677 2782 902 2843 eorum,
947 2761 1056 2841 qui
1092 2765 1449 2841 potestatem
1492 2760 1717 2825 habent
1755 2760 2188 2837 intercedendi,
2248 2760 2345 2822 in-

316 2850 636 2931 pediendi,
693 2870 934 2913 moram
978 2850 1222 2930 adferre
1265 2853 1534 2930 oportere
1547 2898 1563 2927 ,
1608 2869 1726 2929 quo
1770 2849 1980 2912 minus
2015 2849 2087 2911 de
2120 2869 2172 2910 r.
2191 2867 2257 2928 p.
2277 2867 2343 2928 p.
2373 2865 2426 2904 ao

329 2937 407 3001 R.
454 2959 508 3018 q.
546 2959 612 3018 p.
659 2938 746 3002 ad
804 2942 1086 3002 senatum
1146 2938 1370 3018 referri
1430 2938 1745 3017 senat-ique
1807 2934 2146 3000 consultum
2206 2935 2347 3016 fieri

317 3027 547 3108 possit;
603 3026 712 3106 qui
754 3026 1124 3106 impedierit,
1166 3025 1578 3106 prohibuerit,
1635 3045 1774 3088 eum
1816 3029 2099 3088 senatum
2141 3024 2347 3087 existi-

329 3135 502 3178 mare
559 3118 772 3177 contra
825 3135 958 3178 rem
1007 3113 1324 3194 publicam
1376 3113 1606 3195 fecisse.
1700 3111 1775 3177 Si
1826 3113 1966 3194 quis
2018 3112 2163 3175 huic
2204 3130 2251 3175 s.
2300 3131 2346 3174 0.

329 3203 752 3279 intercesserit,
798 3203 1042 3266 senatui
1083 3201 1330 3282 placere
1374 3202 1797 3265 auctor-itatem
1831 3200 2133 3282 perscribi
2177 3204 2237 3264 et
2277 3199 2350 3263 de

329 3311 404 3354 ea
445 3311 513 3354 re
557 3290 644 3353 acl
683 3295 965 3354 senatum
1008 3311 1073 3370 p.
1119 3310 1173 3370 q.
1222 3294 1258 3352 t.
1306 3290 1542 3370 referri.
1608 3287 1781 3353 Huic
1824 3309 1871 3353 s.
1918 3309 1965 3352 0.
2011 3288 2353 3352 intercessit
2376 3305 2428 3346 ³5

332 3376 399 3528 tG.
451 3376 712 3528 Claelius',
758 3377 832 3442 L.
884 3378 1183 3454 ViniciuS,
1230 3376 1308 3441 P.
1352 3375 1686 3455 Comelius,
1738 3375 1803 3441 0.
1853 3376 2071 3442 Vibius
2108 3375 2349 3454 Pansa,

356 3487 404 3528 r.
441 3486 532 3546 p.

2534 0 2565 335 Ψ
