<?xml version="1.0" encoding="UTF-8"?>
<!DOCTYPE html PUBLIC "-//W3C//DTD XHTML 1.0 Transitional//EN"
    "http://www.w3.org/TR/xhtml1/DTD/xhtml1-transitional.dtd">
<html xmlns="http://www.w3.org/1999/xhtml" xml:lang="en" lang="en">
 <head>
  <title>
</title>
<meta http-equiv="Content-Type" content="text/html;charset=utf-8" />
  <meta name='ocr-system' content='tesseract 3.04.00' />
  <meta name='ocr-capabilities' content='ocr_page ocr_carea ocr_par ocr_line ocrx_word'/>
</head>
<body>
  <div class='ocr_page' id='page_1' title='image "./scriptaquaemans02mlgoog_0384.png"; bbox 0 0 2567 3884; ppageno 0'>
   <div class='ocr_carea' id='block_1_1' title="bbox 337 180 1613 245">
    <p class='ocr_par' dir='ltr' id='par_1_1' title="bbox 337 180 1613 245">
     <span class='ocr_line' id='line_1_1' title="bbox 337 180 1613 245; baseline -0.007 0"><span class='ocrx_word' id='word_1_1' title='bbox 337 180 469 245; x_wconf 79' lang='grc'>292</span> <span class='ocrx_word' id='word_1_2' title='bbox 1097 182 1613 236; x_wconf 79' lang='lat' dir='ltr'><strong>EPISTULARUM</strong></span> 
     </span>
    </p>
   </div>
   <div class='ocr_carea' id='block_1_2' title="bbox 266 324 2445 3580">
    <p class='ocr_par' dir='ltr' id='par_1_2' title="bbox 266 324 2445 3580">
     <span class='ocr_line' id='line_1_2' title="bbox 339 324 2369 412; baseline 0 -24"><span class='ocrx_word' id='word_1_3' title='bbox 339 346 648 388; x_wconf 82' lang='lat' dir='ltr'>cesseram</span> <span class='ocrx_word' id='word_1_4' title='bbox 693 325 900 388; x_wconf 90' lang='lat' dir='ltr'>millia</span> <span class='ocrx_word' id='word_1_5' title='bbox 943 347 1168 409; x_wconf 89' lang='lat' dir='ltr'>passus</span> <span class='ocrx_word' id='word_1_6' title='bbox 1214 329 1489 409; x_wconf 92' lang='lat' dir='ltr'>centum,</span> <span class='ocrx_word' id='word_1_7' title='bbox 1536 347 1664 409; x_wconf 93' lang='lat' dir='ltr'>quo</span> <span class='ocrx_word' id='word_1_8' title='bbox 1710 327 2026 390; x_wconf 88' lang='lat' dir='ltr'>maturius</span> <span class='ocrx_word' id='word_1_9' title='bbox 2072 324 2369 412; x_wconf 86' lang='lat' dir='ltr'>veniret),</span> 
     </span>
     <span class='ocr_line' id='line_1_3' title="bbox 337 412 2370 498; baseline 0.001 -22"><span class='ocrx_word' id='word_1_10' title='bbox 337 412 662 476; x_wconf 89' lang='lat' dir='ltr'>Antonius</span> <span class='ocrx_word' id='word_1_11' title='bbox 715 414 1003 498; x_wconf 81' lang='lat' dir='ltr'>legiones</span> <span class='ocrx_word' id='word_1_12' title='bbox 1057 414 1279 477; x_wconf 84' lang='lat' dir='ltr'>eduxit</span> <span class='ocrx_word' id='word_1_13' title='bbox 1336 414 1491 477; x_wconf 87' lang='lat' dir='ltr'>duas</span> <span class='ocrx_word' id='word_1_14' title='bbox 1500 464 1520 497; x_wconf 92' lang='lat'>,</span> <span class='ocrx_word' id='word_1_15' title='bbox 1576 415 1918 478; x_wconf 86' lang='lat' dir='ltr'>secundam</span> <span class='ocrx_word' id='word_1_16' title='bbox 1964 417 2029 478; x_wconf 92' lang='lat' dir='ltr'>et</span> <span class='ocrx_word' id='word_1_17' title='bbox 2075 415 2370 498; x_wconf 86' lang='lat' dir='ltr'>quintam</span> 
     </span>
     <span class='ocr_line' id='line_1_4' title="bbox 337 501 2369 587; baseline 0.001 -23"><span class='ocrx_word' id='word_1_18' title='bbox 337 501 799 584; x_wconf 78' lang='lat' dir='ltr'><strong>tricensimam,</strong></span> <span class='ocrx_word' id='word_1_19' title='bbox 846 505 910 565; x_wconf 94' lang='lat' dir='ltr'>et</span> <span class='ocrx_word' id='word_1_20' title='bbox 955 502 1252 566; x_wconf 76' lang='lat' dir='ltr'>cohortes</span> <span class='ocrx_word' id='word_1_21' title='bbox 1296 502 1651 584; x_wconf 87' lang='lat' dir='ltr'>praetorias</span> <span class='ocrx_word' id='word_1_22' title='bbox 1700 502 1881 587; x_wconf 88' lang='lat' dir='ltr'>duas,</span> <span class='ocrx_word' id='word_1_23' title='bbox 1927 524 2123 566; x_wconf 89' lang='lat' dir='ltr'>unam</span> <span class='ocrx_word' id='word_1_24' title='bbox 2170 524 2369 586; x_wconf 88' lang='lat' dir='ltr'>suam,</span> 
     </span>
     <span class='ocr_line' id='line_1_5' title="bbox 338 589 2371 674; baseline 0.001 -22"><span class='ocrx_word' id='word_1_25' title='bbox 338 590 606 654; x_wconf 89' lang='lat' dir='ltr'>alteram</span> <span class='ocrx_word' id='word_1_26' title='bbox 655 589 875 674; x_wconf 85' lang='lat' dir='ltr'>Silani,</span> <span class='ocrx_word' id='word_1_27' title='bbox 925 593 1337 654; x_wconf 71' lang='lat' dir='ltr'>evocatorum</span> <span class='ocrx_word' id='word_1_28' title='bbox 1381 593 1647 672; x_wconf 90' lang='lat' dir='ltr'>partem.</span> <span class='ocrx_word' id='word_1_29' title='bbox 1738 589 1841 654; x_wconf 89' lang='lat' dir='ltr'>Ita</span> <span class='ocrx_word' id='word_1_30' title='bbox 1886 591 2146 654; x_wconf 83' lang='lat' dir='ltr'>obviam</span> <span class='ocrx_word' id='word_1_31' title='bbox 2191 591 2371 654; x_wconf 86' lang='lat' dir='ltr'>venit</span> 
     </span>
     <span class='ocr_line' id='line_1_6' title="bbox 337 677 2445 763; baseline 0.001 -21"><span class='ocrx_word' id='word_1_32' title='bbox 337 677 543 762; x_wconf 90' lang='lat' dir='ltr'>nobis,</span> <span class='ocrx_word' id='word_1_33' title='bbox 589 678 764 761; x_wconf 89' lang='lat' dir='ltr'>quod</span> <span class='ocrx_word' id='word_1_34' title='bbox 807 700 927 742; x_wconf 90' lang='lat' dir='ltr'>nos</span> <span class='ocrx_word' id='word_1_35' title='bbox 973 680 1280 761; x_wconf 89' lang='lat' dir='ltr'>quattuor</span> <span class='ocrx_word' id='word_1_36' title='bbox 1324 678 1611 763; x_wconf 87' lang='lat' dir='ltr'>legiones</span> <span class='ocrx_word' id='word_1_37' title='bbox 1655 679 1943 743; x_wconf 89' lang='lat' dir='ltr'>tironum</span> <span class='ocrx_word' id='word_1_38' title='bbox 1987 678 2227 743; x_wconf 86' lang='lat' dir='ltr'>habere</span> <span class='ocrx_word' id='word_1_39' title='bbox 2274 699 2371 744; x_wconf 84' lang='lat' dir='ltr'>so-</span> <span class='ocrx_word' id='word_1_40' title='bbox 2421 695 2445 734; x_wconf 80' lang='lat'>⁵</span> 
     </span>
     <span class='ocr_line' id='line_1_7' title="bbox 334 765 2371 850; baseline 0 -21"><span class='ocrx_word' id='word_1_41' title='bbox 334 766 473 829; x_wconf 92' lang='lat' dir='ltr'>lum</span> <span class='ocrx_word' id='word_1_42' title='bbox 532 766 984 830; x_wconf 89' lang='lat' dir='ltr'>arbitrabatur.</span> <span class='ocrx_word' id='word_1_43' title='bbox 1079 765 1204 830; x_wconf 88' lang='lat' dir='ltr'>Sed</span> <span class='ocrx_word' id='word_1_44' title='bbox 1266 770 1495 850; x_wconf 79' lang='lat' dir='ltr'>noctU,</span> <span class='ocrx_word' id='word_1_45' title='bbox 1560 788 1689 849; x_wconf 91' lang='lat' dir='ltr'>quo</span> <span class='ocrx_word' id='word_1_46' title='bbox 1752 768 1958 831; x_wconf 89' lang='lat' dir='ltr'>tutius</span> <span class='ocrx_word' id='word_1_47' title='bbox 2015 767 2236 831; x_wconf 81' lang='lat' dir='ltr'>venire</span> <span class='ocrx_word' id='word_1_48' title='bbox 2302 767 2371 830; x_wconf 87' lang='lat' dir='ltr'>in</span> 
     </span>
     <span class='ocr_line' id='line_1_8' title="bbox 336 853 2369 940; baseline 0 -22"><span class='ocrx_word' id='word_1_49' title='bbox 336 858 544 918; x_wconf 89' lang='lat' dir='ltr'>castra</span> <span class='ocrx_word' id='word_1_50' title='bbox 589 875 947 938; x_wconf 89' lang='lat' dir='ltr'>possemus,</span> <span class='ocrx_word' id='word_1_51' title='bbox 1001 854 1325 939; x_wconf 86' lang='lat' dir='ltr'>legionem</span> <span class='ocrx_word' id='word_1_52' title='bbox 1371 853 1699 938; x_wconf 76' lang='lat' dir='ltr'>Martiam,</span> <span class='ocrx_word' id='word_1_53' title='bbox 1760 856 1863 918; x_wconf 93' lang='lat' dir='ltr'>cui</span> <span class='ocrx_word' id='word_1_54' title='bbox 1911 876 2030 940; x_wconf 88' lang='lat' dir='ltr'>ego</span> <span class='ocrx_word' id='word_1_55' title='bbox 2076 876 2369 938; x_wconf 89' lang='lat' dir='ltr'>praeesse</span> 
     </span>
     <span class='ocr_line' id='line_1_9' title="bbox 337 941 2371 1026; baseline -0 -20"><span class='ocrx_word' id='word_1_56' title='bbox 337 943 651 1026; x_wconf 83' lang='lat' dir='ltr'>solebam,</span> <span class='ocrx_word' id='word_1_57' title='bbox 707 946 772 1006; x_wconf 92' lang='lat' dir='ltr'>et</span> <span class='ocrx_word' id='word_1_58' title='bbox 827 943 984 1006; x_wconf 89' lang='lat' dir='ltr'>duas</span> <span class='ocrx_word' id='word_1_59' title='bbox 1039 942 1336 1005; x_wconf 89' lang='lat' dir='ltr'>cohortes</span> <span class='ocrx_word' id='word_1_60' title='bbox 1389 943 1743 1025; x_wconf 89' lang='lat' dir='ltr'>praetorias</span> <span class='ocrx_word' id='word_1_61' title='bbox 1797 943 2059 1007; x_wconf 82' lang='lat' dir='ltr'>miserat</span> <span class='ocrx_word' id='word_1_62' title='bbox 2111 941 2371 1006; x_wconf 86' lang='lat' dir='ltr'>Hirtius</span> 
     </span>
     <span class='ocr_line' id='line_1_10' title="bbox 266 1029 2371 1115; baseline -0.001 -20"><span class='ocrx_word' id='word_1_63' title='bbox 266 1048 298 1096; x_wconf 83' lang='lat'><strong>2</strong></span> <span class='ocrx_word' id='word_1_64' title='bbox 336 1031 542 1094; x_wconf 90' lang='lat' dir='ltr'>nobis.</span> <span class='ocrx_word' id='word_1_65' title='bbox 612 1029 789 1102; x_wconf 59' lang='lat' dir='ltr'>,Cum</span> <span class='ocrx_word' id='word_1_66' title='bbox 827 1030 1074 1113; x_wconf 88' lang='lat' dir='ltr'>equites</span> <span class='ocrx_word' id='word_1_67' title='bbox 1109 1029 1357 1093; x_wconf 80' lang='lat' dir='ltr'>Antoni</span> <span class='ocrx_word' id='word_1_68' title='bbox 1404 1031 1865 1115; x_wconf 85' lang='lat' dir='ltr'>apparuissent,</span> <span class='ocrx_word' id='word_1_69' title='bbox 1911 1031 2227 1094; x_wconf 91' lang='lat' dir='ltr'>contineri</span> <span class='ocrx_word' id='word_1_70' title='bbox 2265 1053 2371 1094; x_wconf 90' lang='lat' dir='ltr'>ne-</span> 
     </span>
     <span class='ocr_line' id='line_1_11' title="bbox 339 1117 2443 1203; baseline 0 -21"><span class='ocrx_word' id='word_1_71' title='bbox 339 1140 462 1202; x_wconf 87' lang='lat' dir='ltr'>que</span> <span class='ocrx_word' id='word_1_72' title='bbox 506 1118 678 1203; x_wconf 88' lang='lat' dir='ltr'>legio</span> <span class='ocrx_word' id='word_1_73' title='bbox 717 1117 954 1182; x_wconf 87' lang='lat' dir='ltr'>Martia</span> <span class='ocrx_word' id='word_1_74' title='bbox 997 1139 1204 1201; x_wconf 87' lang='lat' dir='ltr'>neque</span> <span class='ocrx_word' id='word_1_75' title='bbox 1241 1118 1539 1182; x_wconf 87' lang='lat' dir='ltr'>cohortes</span> <span class='ocrx_word' id='word_1_76' title='bbox 1583 1120 1941 1201; x_wconf 84' lang='lat' dir='ltr'>praetoriae</span> <span class='ocrx_word' id='word_1_77' title='bbox 1986 1123 2443 1203; x_wconf 80' lang='lat' dir='ltr'>potuerunt310</span> 
     </span>
     <span class='ocr_line' id='line_1_12' title="bbox 339 1207 2370 1290; baseline 0 -20"><span class='ocrx_word' id='word_1_78' title='bbox 339 1228 496 1290; x_wconf 90' lang='lat' dir='ltr'>quas</span> <span class='ocrx_word' id='word_1_79' title='bbox 543 1207 724 1289; x_wconf 89' lang='lat' dir='ltr'>sequi</span> <span class='ocrx_word' id='word_1_80' title='bbox 770 1207 1098 1290; x_wconf 91' lang='lat' dir='ltr'>coepimus</span> <span class='ocrx_word' id='word_1_81' title='bbox 1145 1207 1367 1290; x_wconf 90' lang='lat' dir='ltr'>coacti,</span> <span class='ocrx_word' id='word_1_82' title='bbox 1415 1208 1719 1289; x_wconf 90' lang='lat' dir='ltr'>quoniam</span> <span class='ocrx_word' id='word_1_83' title='bbox 1766 1208 2041 1271; x_wconf 89' lang='lat' dir='ltr'>retinere</span> <span class='ocrx_word' id='word_1_84' title='bbox 2086 1229 2193 1272; x_wconf 86' lang='lat' dir='ltr'>eas</span> <span class='ocrx_word' id='word_1_85' title='bbox 2238 1229 2370 1271; x_wconf 91' lang='lat' dir='ltr'>non</span> 
     </span>
     <span class='ocr_line' id='line_1_13' title="bbox 337 1293 2369 1380; baseline 0.001 -22"><span class='ocrx_word' id='word_1_86' title='bbox 337 1299 770 1380; x_wconf 87' lang='lat' dir='ltr'>potueramus.</span> <span class='ocrx_word' id='word_1_87' title='bbox 861 1293 1186 1358; x_wconf 89' lang='lat' dir='ltr'>Antonius</span> <span class='ocrx_word' id='word_1_88' title='bbox 1241 1294 1324 1358; x_wconf 90' lang='lat' dir='ltr'>ad</span> <span class='ocrx_word' id='word_1_89' title='bbox 1376 1294 1617 1358; x_wconf 87' lang='lat' dir='ltr'>Forum</span> <span class='ocrx_word' id='word_1_90' title='bbox 1675 1293 2007 1360; x_wconf 83' lang='lat' dir='ltr'>Gallorum</span> <span class='ocrx_word' id='word_1_91' title='bbox 2068 1317 2215 1358; x_wconf 88' lang='lat' dir='ltr'>suas</span> <span class='ocrx_word' id='word_1_92' title='bbox 2270 1317 2369 1360; x_wconf 88' lang='lat' dir='ltr'>co-</span> 
     </span>
     <span class='ocr_line' id='line_1_14' title="bbox 338 1382 2367 1469; baseline -0 -22"><span class='ocrx_word' id='word_1_93' title='bbox 338 1384 479 1468; x_wconf 88' lang='lat' dir='ltr'>pias</span> <span class='ocrx_word' id='word_1_94' title='bbox 517 1382 888 1445; x_wconf 88' lang='lat' dir='ltr'>continebat</span> <span class='ocrx_word' id='word_1_95' title='bbox 932 1404 1139 1466; x_wconf 89' lang='lat' dir='ltr'>neque</span> <span class='ocrx_word' id='word_1_96' title='bbox 1185 1383 1337 1446; x_wconf 90' lang='lat' dir='ltr'>sciri</span> <span class='ocrx_word' id='word_1_97' title='bbox 1373 1382 1631 1447; x_wconf 86' lang='lat' dir='ltr'>volebat</span> <span class='ocrx_word' id='word_1_98' title='bbox 1668 1405 1735 1447; x_wconf 91' lang='lat' dir='ltr'>se</span> <span class='ocrx_word' id='word_1_99' title='bbox 1772 1384 2059 1469; x_wconf 85' lang='lat' dir='ltr'>legiones</span> <span class='ocrx_word' id='word_1_100' title='bbox 2102 1383 2367 1467; x_wconf 85' lang='lat' dir='ltr'>habere3</span> 
     </span>
     <span class='ocr_line' id='line_1_15' title="bbox 337 1469 2367 1553; baseline 0 -19"><span class='ocrx_word' id='word_1_101' title='bbox 337 1473 594 1534; x_wconf 89' lang='lat' dir='ltr'>tantum</span> <span class='ocrx_word' id='word_1_102' title='bbox 666 1471 1024 1553; x_wconf 90' lang='lat' dir='ltr'>equitatum</span> <span class='ocrx_word' id='word_1_103' title='bbox 1097 1474 1160 1534; x_wconf 92' lang='lat' dir='ltr'>et</span> <span class='ocrx_word' id='word_1_104' title='bbox 1230 1469 1439 1534; x_wconf 85' lang='lat' dir='ltr'>levem</span> <span class='ocrx_word' id='word_1_105' title='bbox 1510 1475 1901 1536; x_wconf 85' lang='lat' dir='ltr'>armaturam</span> <span class='ocrx_word' id='word_1_106' title='bbox 1974 1471 2367 1535; x_wconf 84' lang='lat' dir='ltr'>ostendebat.</span> 
     </span>
     <span class='ocr_line' id='line_1_16' title="bbox 337 1557 2443 1644; baseline 0 -22"><span class='ocrx_word' id='word_1_107' title='bbox 337 1557 768 1642; x_wconf 90' lang='lat' dir='ltr'>Posteaquam</span> <span class='ocrx_word' id='word_1_108' title='bbox 831 1559 996 1622; x_wconf 85' lang='lat' dir='ltr'>vidit</span> <span class='ocrx_word' id='word_1_109' title='bbox 1059 1580 1125 1622; x_wconf 91' lang='lat' dir='ltr'>se</span> <span class='ocrx_word' id='word_1_110' title='bbox 1183 1559 1391 1622; x_wconf 84' lang='lat' dir='ltr'>invito</span> <span class='ocrx_word' id='word_1_111' title='bbox 1454 1559 1777 1644; x_wconf 90' lang='lat' dir='ltr'>legionem</span> <span class='ocrx_word' id='word_1_112' title='bbox 1835 1560 1929 1623; x_wconf 90' lang='lat' dir='ltr'>ire</span> <span class='ocrx_word' id='word_1_113' title='bbox 1982 1558 2217 1643; x_wconf 89' lang='lat' dir='ltr'>Pansa,</span> <span class='ocrx_word' id='word_1_114' title='bbox 2276 1581 2368 1622; x_wconf 90' lang='lat' dir='ltr'>se-</span> <span class='ocrx_word' id='word_1_115' title='bbox 2396 1574 2443 1614; x_wconf 86' lang='lat'>15</span> 
     </span>
     <span class='ocr_line' id='line_1_17' title="bbox 341 1646 2368 1733; baseline 0 -23"><span class='ocrx_word' id='word_1_116' title='bbox 341 1646 453 1730; x_wconf 91' lang='lat' dir='ltr'>qui</span> <span class='ocrx_word' id='word_1_117' title='bbox 499 1668 567 1710; x_wconf 88' lang='lat' dir='ltr'>se</span> <span class='ocrx_word' id='word_1_118' title='bbox 618 1647 774 1710; x_wconf 90' lang='lat' dir='ltr'>duas</span> <span class='ocrx_word' id='word_1_119' title='bbox 825 1647 1114 1733; x_wconf 86' lang='lat' dir='ltr'>legiones</span> <span class='ocrx_word' id='word_1_120' title='bbox 1157 1647 1347 1710; x_wconf 90' lang='lat' dir='ltr'>iussit</span> <span class='ocrx_word' id='word_1_121' title='bbox 1395 1647 1698 1711; x_wconf 89' lang='lat' dir='ltr'>tironum.</span> <span class='ocrx_word' id='word_1_122' title='bbox 1787 1647 2217 1730; x_wconf 87' lang='lat' dir='ltr'>Posteaquam</span> <span class='ocrx_word' id='word_1_123' title='bbox 2263 1669 2368 1710; x_wconf 87' lang='lat' dir='ltr'>an-</span> 
     </span>
     <span class='ocr_line' id='line_1_18' title="bbox 340 1734 2366 1820; baseline 0 -22"><span class='ocrx_word' id='word_1_124' title='bbox 340 1734 587 1820; x_wconf 86' lang='lat' dir='ltr'>gustias</span> <span class='ocrx_word' id='word_1_125' title='bbox 644 1735 898 1818; x_wconf 80' lang='lat' dir='ltr'>paludis</span> <span class='ocrx_word' id='word_1_126' title='bbox 957 1738 1022 1799; x_wconf 90' lang='lat' dir='ltr'>et</span> <span class='ocrx_word' id='word_1_127' title='bbox 1081 1735 1388 1798; x_wconf 86' lang='lat' dir='ltr'>silvarum</span> <span class='ocrx_word' id='word_1_128' title='bbox 1446 1736 1843 1820; x_wconf 88' lang='lat' dir='ltr'>transiimus,</span> <span class='ocrx_word' id='word_1_129' title='bbox 1904 1735 2070 1799; x_wconf 89' lang='lat' dir='ltr'>acies</span> <span class='ocrx_word' id='word_1_130' title='bbox 2126 1740 2223 1799; x_wconf 91' lang='lat' dir='ltr'>est</span> <span class='ocrx_word' id='word_1_131' title='bbox 2276 1735 2366 1798; x_wconf 92' lang='lat' dir='ltr'>in-</span> 
     </span>
     <span class='ocr_line' id='line_1_19' title="bbox 270 1823 2367 1909; baseline -0 -22"><span class='ocrx_word' id='word_1_132' title='bbox 270 1840 303 1888; x_wconf 84' lang='grc'><strong>3</strong></span> <span class='ocrx_word' id='word_1_133' title='bbox 342 1827 586 1886; x_wconf 88' lang='lat' dir='ltr'>structa</span> <span class='ocrx_word' id='word_1_134' title='bbox 631 1845 670 1886; x_wconf 89' lang='lat' dir='ltr'>a</span> <span class='ocrx_word' id='word_1_135' title='bbox 712 1823 902 1886; x_wconf 91' lang='lat' dir='ltr'>nobis</span> <span class='ocrx_word' id='word_1_136' title='bbox 947 1841 1048 1886; x_wconf 82' lang='lat' dir='ltr'>XII</span> <span class='ocrx_word' id='word_1_137' title='bbox 1093 1823 1485 1908; x_wconf 82' lang='lat' dir='ltr'>cohortium3</span> <span class='ocrx_word' id='word_1_138' title='bbox 1530 1823 1818 1887; x_wconf 92' lang='lat' dir='ltr'>nondum</span> <span class='ocrx_word' id='word_1_139' title='bbox 1861 1827 2169 1887; x_wconf 85' lang='lat' dir='ltr'>venerant</span> <span class='ocrx_word' id='word_1_140' title='bbox 2214 1823 2367 1909; x_wconf 84' lang='lat' dir='ltr'>legi-</span> 
     </span>
     <span class='ocr_line' id='line_1_20' title="bbox 343 1910 2365 1995; baseline -0 -20"><span class='ocrx_word' id='word_1_141' title='bbox 343 1933 495 1976; x_wconf 91' lang='lat' dir='ltr'>ones</span> <span class='ocrx_word' id='word_1_142' title='bbox 561 1911 755 1975; x_wconf 87' lang='lat' dir='ltr'>duae:</span> <span class='ocrx_word' id='word_1_143' title='bbox 832 1915 1092 1995; x_wconf 91' lang='lat' dir='ltr'>repente</span> <span class='ocrx_word' id='word_1_144' title='bbox 1159 1910 1485 1974; x_wconf 88' lang='lat' dir='ltr'>Antonius</span> <span class='ocrx_word' id='word_1_145' title='bbox 1550 1912 1619 1975; x_wconf 90' lang='lat' dir='ltr'>in</span> <span class='ocrx_word' id='word_1_146' title='bbox 1678 1912 1880 1975; x_wconf 88' lang='lat' dir='ltr'>aciem</span> <span class='ocrx_word' id='word_1_147' title='bbox 1939 1933 2085 1976; x_wconf 91' lang='lat' dir='ltr'>suas</span> <span class='ocrx_word' id='word_1_148' title='bbox 2154 1913 2365 1995; x_wconf 89' lang='lat' dir='ltr'>copias</span> 
     </span>
     <span class='ocr_line' id='line_1_21' title="bbox 343 1998 2443 2083; baseline -0 -20"><span class='ocrx_word' id='word_1_149' title='bbox 343 1999 418 2063; x_wconf 93' lang='lat' dir='ltr'>de</span> <span class='ocrx_word' id='word_1_150' title='bbox 472 2000 616 2063; x_wconf 85' lang='lat' dir='ltr'>vico</span> <span class='ocrx_word' id='word_1_151' title='bbox 669 1998 977 2083; x_wconf 79' lang='lat' dir='ltr'>preduxit</span> <span class='ocrx_word' id='word_1_152' title='bbox 1031 2002 1096 2062; x_wconf 89' lang='lat' dir='ltr'>et</span> <span class='ocrx_word' id='word_1_153' title='bbox 1151 1999 1289 2063; x_wconf 87' lang='lat' dir='ltr'>sine</span> <span class='ocrx_word' id='word_1_154' title='bbox 1342 2021 1525 2062; x_wconf 89' lang='lat' dir='ltr'>mora</span> <span class='ocrx_word' id='word_1_155' title='bbox 1579 2000 1917 2063; x_wconf 86' lang='lat' dir='ltr'>concurrit.</span> <span class='ocrx_word' id='word_1_156' title='bbox 2008 1999 2229 2064; x_wconf 89' lang='lat' dir='ltr'>Primo</span> <span class='ocrx_word' id='word_1_157' title='bbox 2276 2001 2365 2063; x_wconf 88' lang='lat' dir='ltr'>ita</span> <span class='ocrx_word' id='word_1_158' title='bbox 2392 2016 2443 2055; x_wconf 79' lang='lat'>20</span> 
     </span>
     <span class='ocr_line' id='line_1_22' title="bbox 338 2087 2365 2173; baseline 0 -22"><span class='ocrx_word' id='word_1_159' title='bbox 338 2091 785 2173; x_wconf 85' lang='lat' dir='ltr'>pugnatumst,</span> <span class='ocrx_word' id='word_1_160' title='bbox 841 2090 915 2151; x_wconf 93' lang='lat' dir='ltr'>ut</span> <span class='ocrx_word' id='word_1_161' title='bbox 968 2087 1177 2152; x_wconf 90' lang='lat' dir='ltr'>acrius</span> <span class='ocrx_word' id='word_1_162' title='bbox 1239 2109 1369 2150; x_wconf 91' lang='lat' dir='ltr'>non</span> <span class='ocrx_word' id='word_1_163' title='bbox 1433 2091 1651 2171; x_wconf 87' lang='lat' dir='ltr'>posset</span> <span class='ocrx_word' id='word_1_164' title='bbox 1714 2109 1793 2151; x_wconf 86' lang='lat' dir='ltr'>ex</span> <span class='ocrx_word' id='word_1_165' title='bbox 1852 2091 2124 2171; x_wconf 88' lang='lat' dir='ltr'>utraque</span> <span class='ocrx_word' id='word_1_166' title='bbox 2186 2092 2365 2171; x_wconf 89' lang='lat' dir='ltr'>parte</span> 
     </span>
     <span class='ocr_line' id='line_1_23' title="bbox 339 2174 2364 2262; baseline 0 -24"><span class='ocrx_word' id='word_1_167' title='bbox 339 2176 643 2262; x_wconf 82' lang='lat' dir='ltr'>pugnari3</span> <span class='ocrx_word' id='word_1_168' title='bbox 699 2176 819 2240; x_wconf 87' lang='lat' dir='ltr'>etsi</span> <span class='ocrx_word' id='word_1_169' title='bbox 876 2174 1198 2239; x_wconf 82' lang='lat' dir='ltr'>dexterius</span> <span class='ocrx_word' id='word_1_170' title='bbox 1254 2197 1479 2260; x_wconf 88' lang='lat' dir='ltr'>cornu,</span> <span class='ocrx_word' id='word_1_171' title='bbox 1534 2176 1603 2238; x_wconf 96' lang='lat' dir='ltr'>in</span> <span class='ocrx_word' id='word_1_172' title='bbox 1659 2197 1787 2258; x_wconf 92' lang='lat' dir='ltr'>quo</span> <span class='ocrx_word' id='word_1_173' title='bbox 1834 2197 1955 2261; x_wconf 89' lang='lat' dir='ltr'>ego</span> <span class='ocrx_word' id='word_1_174' title='bbox 2003 2197 2177 2239; x_wconf 91' lang='lat' dir='ltr'>eram</span> <span class='ocrx_word' id='word_1_175' title='bbox 2226 2197 2364 2239; x_wconf 87' lang='lat' dir='ltr'>cum</span> 
     </span>
     <span class='ocr_line' id='line_1_24' title="bbox 340 2262 2367 2350; baseline 0 -24"><span class='ocrx_word' id='word_1_176' title='bbox 340 2262 612 2327; x_wconf 88' lang='lat' dir='ltr'>Martiae</span> <span class='ocrx_word' id='word_1_177' title='bbox 663 2263 939 2349; x_wconf 86' lang='lat' dir='ltr'>legionis</span> <span class='ocrx_word' id='word_1_178' title='bbox 985 2263 1361 2327; x_wconf 90' lang='lat' dir='ltr'>cohortibus</span> <span class='ocrx_word' id='word_1_179' title='bbox 1410 2267 1581 2348; x_wconf 86' lang='lat' dir='ltr'>octe,</span> <span class='ocrx_word' id='word_1_180' title='bbox 1640 2264 1886 2347; x_wconf 90' lang='lat' dir='ltr'>impetu</span> <span class='ocrx_word' id='word_1_181' title='bbox 1932 2264 2143 2348; x_wconf 87' lang='lat' dir='ltr'>primo</span> <span class='ocrx_word' id='word_1_182' title='bbox 2190 2265 2367 2350; x_wconf 85' lang='lat' dir='ltr'>fuga-</span> 
     </span>
     <span class='ocr_line' id='line_1_25' title="bbox 340 2350 2364 2437; baseline 0 -23"><span class='ocrx_word' id='word_1_183' title='bbox 340 2355 522 2414; x_wconf 81' lang='lat' dir='ltr'>verat</span> <span class='ocrx_word' id='word_1_184' title='bbox 581 2352 903 2437; x_wconf 87' lang='lat' dir='ltr'>legionem</span> <span class='ocrx_word' id='word_1_185' title='bbox 961 2369 1156 2416; x_wconf 83' lang='lat' dir='ltr'><strong>xxxv</strong></span> <span class='ocrx_word' id='word_1_186' title='bbox 1215 2350 1492 2434; x_wconf 90' lang='lat' dir='ltr'>Antoni,</span> <span class='ocrx_word' id='word_1_187' title='bbox 1552 2355 1626 2414; x_wconf 90' lang='lat' dir='ltr'>ut</span> <span class='ocrx_word' id='word_1_188' title='bbox 1680 2351 1957 2434; x_wconf 90' lang='lat' dir='ltr'>amplius</span> <span class='ocrx_word' id='word_1_189' title='bbox 2023 2373 2249 2437; x_wconf 86' lang='lat' dir='ltr'>passus</span> <span class='ocrx_word' id='word_1_190' title='bbox 2306 2351 2364 2414; x_wconf 91' lang='lat' dir='ltr'>D</span> 
     </span>
     <span class='ocr_line' id='line_1_26' title="bbox 341 2438 2443 2524; baseline -0 -21"><span class='ocrx_word' id='word_1_191' title='bbox 341 2439 512 2503; x_wconf 91' lang='lat' dir='ltr'>ultra</span> <span class='ocrx_word' id='word_1_192' title='bbox 575 2439 802 2524; x_wconf 88' lang='lat' dir='ltr'>aciem,</span> <span class='ocrx_word' id='word_1_193' title='bbox 867 2461 994 2523; x_wconf 90' lang='lat' dir='ltr'>quo</span> <span class='ocrx_word' id='word_1_194' title='bbox 1056 2439 1199 2504; x_wconf 91' lang='lat' dir='ltr'>loco</span> <span class='ocrx_word' id='word_1_195' title='bbox 1263 2442 1554 2523; x_wconf 90' lang='lat' dir='ltr'>steterat,</span> <span class='ocrx_word' id='word_1_196' title='bbox 1616 2441 2015 2522; x_wconf 89' lang='lat' dir='ltr'>processerit.</span> <span class='ocrx_word' id='word_1_197' title='bbox 2122 2438 2366 2523; x_wconf 86' lang='lat' dir='ltr'>Itaque,</span> <span class='ocrx_word' id='word_1_198' title='bbox 2391 2453 2443 2494; x_wconf 77' lang='lat'>25</span> 
     </span>
     <span class='ocr_line' id='line_1_27' title="bbox 341 2527 2366 2611; baseline 0 -21"><span class='ocrx_word' id='word_1_199' title='bbox 341 2547 488 2590; x_wconf 92' lang='lat' dir='ltr'>cum</span> <span class='ocrx_word' id='word_1_200' title='bbox 534 2527 781 2610; x_wconf 89' lang='lat' dir='ltr'>equites</span> <span class='ocrx_word' id='word_1_201' title='bbox 825 2532 1119 2593; x_wconf 89' lang='lat' dir='ltr'>nostrum</span> <span class='ocrx_word' id='word_1_202' title='bbox 1165 2546 1365 2591; x_wconf 86' lang='lat' dir='ltr'>cornu</span> <span class='ocrx_word' id='word_1_203' title='bbox 1403 2527 1738 2592; x_wconf 90' lang='lat' dir='ltr'>circumire</span> <span class='ocrx_word' id='word_1_204' title='bbox 1783 2528 2040 2611; x_wconf 84' lang='lat' dir='ltr'>vellent,</span> <span class='ocrx_word' id='word_1_205' title='bbox 2086 2529 2366 2611; x_wconf 89' lang='lat' dir='ltr'>recipere</span> 
     </span>
     <span class='ocr_line' id='line_1_28' title="bbox 339 2615 2367 2700; baseline -0 -21"><span class='ocrx_word' id='word_1_206' title='bbox 339 2637 443 2679; x_wconf 89' lang='lat' dir='ltr'>me</span> <span class='ocrx_word' id='word_1_207' title='bbox 508 2616 689 2700; x_wconf 88' lang='lat' dir='ltr'>coepi</span> <span class='ocrx_word' id='word_1_208' title='bbox 755 2619 818 2678; x_wconf 94' lang='lat' dir='ltr'>et</span> <span class='ocrx_word' id='word_1_209' title='bbox 879 2616 1087 2679; x_wconf 85' lang='lat' dir='ltr'>levem</span> <span class='ocrx_word' id='word_1_210' title='bbox 1151 2619 1542 2679; x_wconf 89' lang='lat' dir='ltr'>armaturam</span> <span class='ocrx_word' id='word_1_211' title='bbox 1606 2637 1929 2700; x_wconf 92' lang='lat' dir='ltr'>opponere</span> <span class='ocrx_word' id='word_1_212' title='bbox 1992 2615 2367 2679; x_wconf 88' lang='lat' dir='ltr'>Maurorum</span> 
     </span>
     <span class='ocr_line' id='line_1_29' title="bbox 341 2701 2369 2789; baseline 0 -23"><span class='ocrx_word' id='word_1_213' title='bbox 341 2704 694 2788; x_wconf 90' lang='lat' dir='ltr'>equitibus,</span> <span class='ocrx_word' id='word_1_214' title='bbox 747 2725 829 2767; x_wconf 93' lang='lat' dir='ltr'>ne</span> <span class='ocrx_word' id='word_1_215' title='bbox 875 2725 1130 2767; x_wconf 85' lang='lat' dir='ltr'>aversos</span> <span class='ocrx_word' id='word_1_216' title='bbox 1184 2707 1441 2767; x_wconf 90' lang='lat' dir='ltr'>nostros</span> <span class='ocrx_word' id='word_1_217' title='bbox 1496 2704 2010 2789; x_wconf 87' lang='lat' dir='ltr'>adgrederentur.</span> <span class='ocrx_word' id='word_1_218' title='bbox 2100 2701 2369 2767; x_wconf 90' lang='lat' dir='ltr'>Interim</span> 
     </span>
     <span class='ocr_line' id='line_1_30' title="bbox 340 2790 2369 2876; baseline -0 -21"><span class='ocrx_word' id='word_1_219' title='bbox 340 2791 527 2855; x_wconf 82' lang='lat' dir='ltr'>video</span> <span class='ocrx_word' id='word_1_220' title='bbox 572 2813 676 2855; x_wconf 92' lang='lat' dir='ltr'>me</span> <span class='ocrx_word' id='word_1_221' title='bbox 719 2813 854 2856; x_wconf 89' lang='lat' dir='ltr'>esse</span> <span class='ocrx_word' id='word_1_222' title='bbox 898 2793 1068 2855; x_wconf 91' lang='lat' dir='ltr'>inter</span> <span class='ocrx_word' id='word_1_223' title='bbox 1103 2791 1509 2855; x_wconf 90' lang='lat' dir='ltr'>Antonianos</span> <span class='ocrx_word' id='word_1_224' title='bbox 1544 2790 2030 2875; x_wconf 88' lang='lat' dir='ltr'>Antoniumque</span> <span class='ocrx_word' id='word_1_225' title='bbox 2074 2797 2223 2876; x_wconf 90' lang='lat' dir='ltr'>post</span> <span class='ocrx_word' id='word_1_226' title='bbox 2267 2813 2369 2856; x_wconf 91' lang='lat' dir='ltr'>me</span> 
     </span>
     <span class='ocr_line' id='line_1_31' title="bbox 341 2879 2441 2965; baseline -0.001 -21"><span class='ocrx_word' id='word_1_227' title='bbox 341 2902 477 2944; x_wconf 90' lang='lat' dir='ltr'>esse</span> <span class='ocrx_word' id='word_1_228' title='bbox 523 2881 869 2963; x_wconf 89' lang='lat' dir='ltr'>aliquanto.</span> <span class='ocrx_word' id='word_1_229' title='bbox 960 2879 1250 2963; x_wconf 85' lang='lat' dir='ltr'>Repente</span> <span class='ocrx_word' id='word_1_230' title='bbox 1288 2902 1523 2963; x_wconf 91' lang='lat' dir='ltr'>equum</span> <span class='ocrx_word' id='word_1_231' title='bbox 1568 2879 1808 2944; x_wconf 86' lang='lat' dir='ltr'>immisi</span> <span class='ocrx_word' id='word_1_232' title='bbox 1854 2880 1937 2943; x_wconf 91' lang='lat' dir='ltr'>ad</span> <span class='ocrx_word' id='word_1_233' title='bbox 1980 2901 2123 2943; x_wconf 88' lang='lat' dir='ltr'>eam</span> <span class='ocrx_word' id='word_1_234' title='bbox 2166 2880 2365 2965; x_wconf 89' lang='lat' dir='ltr'>legio-</span> <span class='ocrx_word' id='word_1_235' title='bbox 2392 2895 2441 2932; x_wconf 72' lang='lat'>80</span> 
     </span>
     <span class='ocr_line' id='line_1_32' title="bbox 339 2968 2368 3052; baseline -0.001 -21"><span class='ocrx_word' id='word_1_236' title='bbox 339 2991 489 3032; x_wconf 94' lang='lat' dir='ltr'>nem</span> <span class='ocrx_word' id='word_1_237' title='bbox 532 2969 846 3052; x_wconf 88' lang='lat' dir='ltr'>tironum,</span> <span class='ocrx_word' id='word_1_238' title='bbox 906 2989 1067 3051; x_wconf 88' lang='lat' dir='ltr'>quae</span> <span class='ocrx_word' id='word_1_239' title='bbox 1112 2968 1411 3032; x_wconf 86' lang='lat' dir='ltr'>veniebat</span> <span class='ocrx_word' id='word_1_240' title='bbox 1466 2990 1545 3032; x_wconf 83' lang='lat' dir='ltr'>ex</span> <span class='ocrx_word' id='word_1_241' title='bbox 1591 2969 1841 3052; x_wconf 89' lang='lat' dir='ltr'>castris,</span> <span class='ocrx_word' id='word_1_242' title='bbox 1888 2971 2069 3031; x_wconf 90' lang='lat' dir='ltr'>scuto</span> <span class='ocrx_word' id='word_1_243' title='bbox 2116 2969 2368 3032; x_wconf 89' lang='lat' dir='ltr'>reiecto.</span> 
     </span>
     <span class='ocr_line' id='line_1_33' title="bbox 340 3053 2371 3142; baseline -0.001 -22"><span class='ocrx_word' id='word_1_244' title='bbox 340 3055 696 3120; x_wconf 89' lang='lat' dir='ltr'>Antoniani</span> <span class='ocrx_word' id='word_1_245' title='bbox 753 3078 856 3119; x_wconf 90' lang='lat' dir='ltr'>me</span> <span class='ocrx_word' id='word_1_246' title='bbox 915 3056 1193 3142; x_wconf 84' lang='lat' dir='ltr'>insequi3</span> <span class='ocrx_word' id='word_1_247' title='bbox 1253 3057 1459 3120; x_wconf 89' lang='lat' dir='ltr'>nostri</span> <span class='ocrx_word' id='word_1_248' title='bbox 1518 3056 1651 3139; x_wconf 87' lang='lat' dir='ltr'>pila</span> <span class='ocrx_word' id='word_1_249' title='bbox 1711 3057 1954 3120; x_wconf 90' lang='lat' dir='ltr'>coicere</span> <span class='ocrx_word' id='word_1_250' title='bbox 1999 3055 2179 3120; x_wconf 85' lang='lat' dir='ltr'>velle.</span> <span class='ocrx_word' id='word_1_251' title='bbox 2270 3053 2371 3119; x_wconf 88' lang='lat' dir='ltr'>Ita</span> 
     </span>
     <span class='ocr_line' id='line_1_34' title="bbox 339 3143 2371 3228; baseline -0 -21"><span class='ocrx_word' id='word_1_252' title='bbox 339 3144 555 3208; x_wconf 87' lang='lat' dir='ltr'>nescio</span> <span class='ocrx_word' id='word_1_253' title='bbox 602 3165 729 3227; x_wconf 90' lang='lat' dir='ltr'>quo</span> <span class='ocrx_word' id='word_1_254' title='bbox 777 3144 910 3208; x_wconf 89' lang='lat' dir='ltr'>fato</span> <span class='ocrx_word' id='word_1_255' title='bbox 959 3165 1100 3207; x_wconf 89' lang='lat' dir='ltr'>sum</span> <span class='ocrx_word' id='word_1_256' title='bbox 1147 3148 1453 3228; x_wconf 74' lang='lat' dir='ltr'>servatuS,</span> <span class='ocrx_word' id='word_1_257' title='bbox 1501 3145 1676 3227; x_wconf 91' lang='lat' dir='ltr'>quod</span> <span class='ocrx_word' id='word_1_258' title='bbox 1712 3167 1853 3208; x_wconf 90' lang='lat' dir='ltr'>sum</span> <span class='ocrx_word' id='word_1_259' title='bbox 1892 3144 2020 3207; x_wconf 89' lang='lat' dir='ltr'>cito</span> <span class='ocrx_word' id='word_1_260' title='bbox 2060 3166 2097 3207; x_wconf 90' lang='lat' dir='ltr'>a</span> <span class='ocrx_word' id='word_1_261' title='bbox 2132 3143 2371 3208; x_wconf 88' lang='lat' dir='ltr'>nostris</span> 
     </span>
     <span class='ocr_line' id='line_1_35' title="bbox 269 3229 2371 3318; baseline 0 -23"><span class='ocrx_word' id='word_1_262' title='bbox 269 3248 305 3296; x_wconf 86' lang='lat'>4</span> <span class='ocrx_word' id='word_1_263' title='bbox 343 3233 656 3318; x_wconf 78' lang='lat' dir='ltr'>cognitus,</span> <span class='ocrx_word' id='word_1_264' title='bbox 747 3230 824 3296; x_wconf 93' lang='lat' dir='ltr'>In</span> <span class='ocrx_word' id='word_1_265' title='bbox 879 3232 1018 3315; x_wconf 88' lang='lat' dir='ltr'>ipsa</span> <span class='ocrx_word' id='word_1_266' title='bbox 1059 3229 1367 3317; x_wconf 89' lang='lat' dir='ltr'>Aemilia,</span> <span class='ocrx_word' id='word_1_267' title='bbox 1423 3232 1536 3296; x_wconf 90' lang='lat' dir='ltr'>ubi</span> <span class='ocrx_word' id='word_1_268' title='bbox 1584 3232 1813 3296; x_wconf 88' lang='lat' dir='ltr'>cohors</span> <span class='ocrx_word' id='word_1_269' title='bbox 1862 3230 2149 3296; x_wconf 83' lang='lat' dir='ltr'>Caesaris</span> <span class='ocrx_word' id='word_1_270' title='bbox 2194 3253 2371 3316; x_wconf 80' lang='lat' dir='ltr'>prae-</span> 
     </span>
     <span class='ocr_line' id='line_1_36' title="bbox 340 3319 2442 3405; baseline -0.001 -21"><span class='ocrx_word' id='word_1_271' title='bbox 340 3321 510 3384; x_wconf 90' lang='lat' dir='ltr'>toria</span> <span class='ocrx_word' id='word_1_272' title='bbox 556 3324 708 3404; x_wconf 88' lang='lat' dir='ltr'>erat,</span> <span class='ocrx_word' id='word_1_273' title='bbox 758 3320 866 3383; x_wconf 91' lang='lat' dir='ltr'>diu</span> <span class='ocrx_word' id='word_1_274' title='bbox 911 3324 1270 3405; x_wconf 87' lang='lat' dir='ltr'>pugnatum</span> <span class='ocrx_word' id='word_1_275' title='bbox 1314 3323 1425 3384; x_wconf 90' lang='lat' dir='ltr'>est.</span> <span class='ocrx_word' id='word_1_276' title='bbox 1520 3319 1736 3383; x_wconf 84' lang='lat' dir='ltr'>Cornu</span> <span class='ocrx_word' id='word_1_277' title='bbox 1774 3320 2152 3404; x_wconf 87' lang='lat' dir='ltr'>sinisterius,</span> <span class='ocrx_word' id='word_1_278' title='bbox 2199 3319 2372 3404; x_wconf 90' lang='lat' dir='ltr'>quod</span> <span class='ocrx_word' id='word_1_279' title='bbox 2396 3332 2442 3374; x_wconf 77' lang='lat'>³⁵</span> 
     </span>
     <span class='ocr_line' id='line_1_37' title="bbox 341 3407 2371 3493; baseline -0 -22"><span class='ocrx_word' id='word_1_280' title='bbox 341 3411 479 3472; x_wconf 90' lang='lat' dir='ltr'>erat</span> <span class='ocrx_word' id='word_1_281' title='bbox 515 3407 851 3491; x_wconf 76' lang='lat' dir='ltr'>infirmiUS,</span> <span class='ocrx_word' id='word_1_282' title='bbox 887 3409 1002 3472; x_wconf 93' lang='lat' dir='ltr'>ubi</span> <span class='ocrx_word' id='word_1_283' title='bbox 1038 3407 1310 3471; x_wconf 89' lang='lat' dir='ltr'>Martiae</span> <span class='ocrx_word' id='word_1_284' title='bbox 1345 3408 1622 3493; x_wconf 88' lang='lat' dir='ltr'>legionis</span> <span class='ocrx_word' id='word_1_285' title='bbox 1660 3409 1820 3472; x_wconf 88' lang='lat' dir='ltr'>duae</span> <span class='ocrx_word' id='word_1_286' title='bbox 1856 3407 2155 3473; x_wconf 87' lang='lat' dir='ltr'>cohortes</span> <span class='ocrx_word' id='word_1_287' title='bbox 2190 3411 2371 3473; x_wconf 86' lang='lat' dir='ltr'>erant</span> 
     </span>
     <span class='ocr_line' id='line_1_38' title="bbox 339 3494 2370 3580; baseline 0 -22"><span class='ocrx_word' id='word_1_288' title='bbox 339 3499 405 3558; x_wconf 89' lang='lat' dir='ltr'>et</span> <span class='ocrx_word' id='word_1_289' title='bbox 451 3496 680 3560; x_wconf 88' lang='lat' dir='ltr'>cohors</span> <span class='ocrx_word' id='word_1_290' title='bbox 723 3496 1061 3580; x_wconf 89' lang='lat' dir='ltr'>praetoria,</span> <span class='ocrx_word' id='word_1_291' title='bbox 1108 3496 1337 3579; x_wconf 91' lang='lat' dir='ltr'>pedem</span> <span class='ocrx_word' id='word_1_292' title='bbox 1382 3496 1619 3560; x_wconf 87' lang='lat' dir='ltr'>referre</span> <span class='ocrx_word' id='word_1_293' title='bbox 1658 3500 2024 3580; x_wconf 89' lang='lat' dir='ltr'>coeperunt,</span> <span class='ocrx_word' id='word_1_294' title='bbox 2072 3495 2247 3579; x_wconf 91' lang='lat' dir='ltr'>quod</span> <span class='ocrx_word' id='word_1_295' title='bbox 2290 3494 2370 3562; x_wconf 84' lang='lat' dir='ltr'>ab</span> 
     </span>
    </p>
   </div>
  </div>
 </body>
</html>
