2567 3884
376 158 510 221 494
1135 156 1649 212 EPISTULARUM

375 323 576 365 unum
613 322 930 386 quemque
968 322 1208 385 eorum,
1253 300 1381 385 sed,
1428 304 1667 383 quanta
1702 298 1788 363 sit
1822 298 1891 362 in
1928 320 2187 382 quoque
2224 299 2401 382 fides,

375 392 630 453 tantum
657 390 886 473 cuique
914 389 1330 452 committere.
1368 386 1583 471 Atque
1611 388 1781 451 inter
1796 388 1916 451 hos
1936 408 2061 471 eos,
2090 409 2259 470 quos
2276 386 2397 451 tibi

375 477 642 542 comites
687 482 753 542 et
797 477 1119 540 adiutores
1153 476 1565 561 negotiorum
1600 476 2007 559 publicorum
2045 475 2227 539 dedit
2261 476 2399 559 ipsa

383 588 484 630 res
518 566 800 650 publica,
849 565 1180 629 dumtaxat
1223 564 1463 628 finibus
1497 563 1579 627 iis
1622 563 1993 648 praestabis,
2040 584 2205 646 quos
2254 567 2400 627 ante

272 616 336 755 ὲ
374 654 786 738 praescripsi3
832 674 992 736 quos
1028 674 1180 717 vero
1218 656 1331 715 aut
1366 674 1449 717 ex
1483 651 1847 715 domesticis
1883 652 2401 715 convictionibus
2457 666 2486 705 5

377 747 489 806 aut
517 764 595 805 ex
622 742 994 805 necessariis
1022 739 1534 824 apparitionibus
1568 743 1781 803 tecum
1809 761 1943 803 esse
1970 739 2261 824 voluisti,
2291 740 2403 823 qui

377 830 559 915 quasi
605 852 684 894 ex
721 829 984 893 cohorte
1019 828 1335 912 praetoris
1372 828 1681 911 appellari
1717 827 1941 911 solent,
1984 828 2225 891 horum
2270 849 2401 892 non

374 919 568 983 modo
595 919 779 1001 facta,
809 918 920 981 sed
946 917 1140 980 etiam
1169 916 1339 979 dicta
1366 916 1581 980 omnia
1606 915 1985 999 praestanda
2010 916 2205 979 nobis
2233 920 2403 980 sunt.

377 1005 504 1071 Sed
547 1007 746 1071 habes
783 1027 890 1069 eos
927 1009 1156 1089 tecum,
1203 1025 1365 1088 quos
1400 1004 1607 1088 possis
1644 1008 1814 1068 recte
1859 1004 2167 1067 facientes
2212 1005 2401 1068 facile
2563 1062 2564 1067 ,

377 1095 662 1181 diligere,
706 1094 918 1157 minus
956 1092 1355 1157 consulentes
1392 1091 1853 1155 existimationi
1897 1096 2045 1155 tuae
2091 1092 2401 1155 facillime
2427 1108 2481 1145 10
2563 1136 2564 1141 η

377 1188 682 1247 coercere.
769 1181 832 1245 A
869 1180 1120 1265 quibus,
1165 1180 1343 1244 rudis
1390 1201 1535 1244 cum
1581 1202 1781 1271 esseS,
1808 1179 2067 1243 videtur
2108 1182 2403 1263 potuisse
2563 1178 2564 1193 ²

374 1275 487 1334 tua
530 1269 882 1335 liberalitas
921 1268 1153 1353 decipi3
1197 1291 1365 1352 nam,
1410 1273 1484 1332 ut
1522 1269 1790 1352 quisque
1826 1271 1923 1332 est
1958 1268 2060 1331 vir
2096 1269 2403 1353 optimus,

264 1425 267 1429 ,
375 1360 468 1422 ita
527 1357 904 1422 difficillime
964 1378 1099 1421 esse
1157 1356 1317 1420 alios
1381 1356 1711 1440 improbos
1775 1355 2167 1441 suspicatur3
2231 1378 2404 1421 nunc

373 1467 526 1511 vero
599 1445 830 1510 tertius
891 1445 998 1508 hic
1062 1466 1264 1508 annus
1326 1444 1562 1509 habeat
1628 1444 2067 1530 integritatem
2132 1444 2402 1508 eandem

376 1556 568 1617 quam
643 1533 1002 1617 superiores
1074 1532 1425 1596 cautiorem
1506 1532 1701 1597 etiam
1764 1553 1837 1595 ac
1900 1532 2399 1617 diligentiorem.
2428 1546 2476 1584 1⁵
2563 1558 2564 1565 ¹

273 1640 337 1687 13
377 1620 522 1685 Sint
567 1642 750 1685 aures
795 1625 942 1685 tuae
987 1642 1108 1704 eae,
1154 1642 1317 1703 quae
1362 1620 1446 1704 id,
1492 1621 1665 1703 quod
1700 1619 1987 1703 audiunt,
2031 1620 2402 1684 existimen-

375 1715 483 1774 tur
509 1710 748 1793 audire,
793 1731 924 1773 non
961 1708 1031 1772 in
1058 1731 1214 1792 quas
1249 1709 1398 1772 ficte
1436 1712 1499 1772 et
1536 1708 1833 1772 simulate
1869 1711 2173 1791 quaestus
2212 1730 2403 1772 causa

375 1799 825 1862 insusurretur.
917 1795 1018 1860 Sit
1063 1797 1291 1859 anulus
1335 1801 1485 1860 tuus
1529 1817 1661 1860 non
1704 1800 1778 1859 ut
1813 1818 1925 1861 vas
1961 1796 2245 1881 aliquod,
2291 1797 2404 1861 sed

373 1892 702 1970 tamquam
747 1886 883 1969 ipse
928 1889 1019 1970 tu,
1063 1906 1194 1948 non
1238 1884 1535 1948 minister
1578 1884 1820 1948 alienae
1864 1885 2239 1969 voluntatiS,
2289 1885 2403 1949 sed

373 1976 559 2039 testis
601 1978 764 2038 tuae.
837 1973 1160 2037 Accensus
1196 1972 1281 2036 sit
1319 1994 1394 2037 eo
1431 1994 1716 2056 numero,
1761 1994 1891 2055 quo
1928 1994 2075 2036 eum
2120 1974 2401 2037 maiores
2429 1989 2478 2027 20
2563 1978 2564 2063 ᾗ

374 2063 579 2127 nostri
636 2084 770 2126 esse
824 2062 1193 2144 voluerunt,
1253 2061 1365 2143 qui
1418 2060 1543 2124 hoc
1595 2082 1727 2124 non
1779 2061 1849 2123 in
1892 2061 2191 2124 beneficii
2236 2061 2401 2143 loce,
2563 2070 2564 2145 1

373 2151 486 2214 sed
530 2151 598 2213 in
641 2150 891 2214 laboris·
921 2170 994 2212 ac
1036 2148 1320 2212 muneris
1355 2170 1487 2212 non
1531 2153 1768 2213 temere
1804 2148 1931 2212 nisi
1973 2148 2231 2213 libertis
2267 2150 2401 2215 suis
2563 2146 2564 2167 ¹

376 2238 762 2322 deferebant,
809 2238 1043 2321 quibus
1087 2238 1185 2300 illi
1223 2236 1481 2320 quidem
1524 2258 1657 2300 non
1699 2237 1905 2301 multo
1942 2258 2125 2300 secus
2162 2258 2240 2301 ac
2274 2260 2401 2301 ser—

374 2325 474 2390 vis
517 2325 936 2408 imperabant.
1009 2324 1110 2389 Sit
1152 2325 1344 2389 lictor
1377 2346 1509 2388 non
1545 2345 1694 2388 suae
1738 2326 2055 2409 saevitiae,
2101 2326 2217 2389 sed
2251 2330 2399 2390 tuae

374 2413 659 2477 lenitatis
705 2413 1062 2496 apparitor,
1108 2413 1478 2496 maioraque
1522 2413 1886 2495 praeferant
1931 2413 2134 2476 fasces
2181 2414 2284 2477 illi
2329 2436 2401 2477 ac
2424 2430 2473 2469 25

375 2522 624 2565 secures
671 2500 1004 2586 dignitatis
1048 2500 1329 2586 insignia
1365 2522 1557 2584 quam
1600 2501 1953 2584 potestatis.
2025 2500 2181 2565 Toti
2229 2502 2400 2566 deni—

376 2611 499 2674 que
535 2588 620 2652 sit
664 2588 1031 2672 provinciae
1068 2589 1400 2674 cognitum
1436 2588 1559 2652 tibi
1596 2589 1901 2673 omnium,
1947 2588 2185 2672 quibus
2221 2612 2401 2674 prae-

375 2678 494 2762 sis,
539 2676 835 2761 salutem,
879 2677 1148 2760 liberos,
1194 2677 1457 2761 famam,
1502 2676 1793 2741 fortunas
1838 2699 1973 2740 esse
2019 2677 2399 2742 carissimas.

374 2766 667 2849 Denique
720 2765 877 2829 haec
933 2764 1152 2848 opinio
1208 2765 1319 2848 sit,
1378 2786 1509 2828 non
1562 2766 1755 2829 modo
1814 2765 1921 2850 iis,
1978 2766 2094 2848 qui
2154 2766 2403 2850 aliquid

376 2853 760 2937 acceperint,
819 2853 930 2916 sed
982 2853 1064 2916 iis
1118 2852 1342 2935 etiam,
1403 2853 1514 2936 qui
1561 2853 1874 2937 dederint,
1932 2857 1999 2917 te
2043 2853 2471 2939 inimicum,·³⁰

376 2942 431 3006 si
477 2942 545 3005 id
589 2940 996 3027 cognoveris,
1041 2941 1347 3004 futurum.
1437 2940 1664 3024 Neque
1708 2962 1860 3006 vero
1906 2940 2253 3024 quisquam
2300 2942 2402 3006 da-

375 3030 492 3114 bit,
539 3051 684 3093 cum
721 3029 845 3093 erit
888 3028 1012 3092 hoc
1055 3032 1478 3113 perspectum,
1523 3029 1689 3093 nihil
1731 3051 1847 3113 per
1882 3050 2006 3113 eos,
2053 3030 2168 3112 qui
2206 3030 2403 3094 simu-

374 3118 513 3181 lant
549 3139 616 3181 se
653 3117 823 3200 apud
857 3120 922 3180 te
963 3117 1240 3180 multum
1284 3137 1490 3201 posse,
1536 3117 1649 3180 abs
1694 3121 1758 3181 te
1796 3117 1999 3181 solere
2044 3118 2402 3201 impetrari.

273 3222 338 3269 14
374 3205 440 3270 N
442 3227 513 3269 ec
565 3208 781 3269 tamen
833 3204 991 3268 haec
1047 3204 1252 3268 oratio
1305 3226 1449 3268 mea
1502 3209 1599 3269 est
1652 3206 1788 3269 eius
1840 3205 2043 3289 modi,
2099 3209 2174 3268 ut
2216 3209 2289 3269 te
2333 3208 2401 3271 in

375 3296 522 3356 tuos
577 3296 688 3356 aut
743 3292 974 3356 durum
1029 3313 1162 3356 esse
1216 3292 1490 3356 nimium
1544 3297 1655 3356 aut
1708 3293 2128 3377 suspiciosum
2184 3294 2399 3359 velim.
2428 3312 2475 3352 35

373 3379 572 3464 Nam,
617 3380 672 3444 si
719 3380 862 3463 quis
909 3383 1006 3444 est
1050 3401 1297 3464 eorum,
1345 3381 1456 3462 qui
1501 3381 1625 3444 tibi
1669 3382 1914 3445 biennii
1961 3382 2169 3465 spatio
2218 3404 2401 3446 num-

377 3489 569 3548 quam
614 3468 684 3530 in
720 3468 1146 3551 suspicionem
1184 3467 1487 3532 avaritiae
1524 3470 1787 3555 venerit,
1832 3474 1906 3533 ut
1944 3491 2062 3555 ego
2103 3466 2399 3534 Caesium
