2567 3884
807 1064 1024 1119 LIBER
1074 1066 1349 1121 SEXTUS
1395 1066 1716 1122 DECIMUS

896 1190 958 1255 A
972 1192 1032 1255 D
1098 1191 1151 1254 T
1166 1190 1197 1254 Ι
1212 1192 1273 1255 R
1290 1191 1342 1256 Ο
1358 1191 1425 1257 N
1439 1193 1496 1257 E
1511 1192 1596 1257 Μ.

1221 1365 1270 1431 Ι.

566 1486 681 1543 Ser.
722 1489 785 1541 in
820 1488 1014 1541 itincre
1048 1487 1162 1541 HI
1189 1488 1339 1542 Non.
1378 1488 1520 1544 Nov.
1559 1507 1610 1544 a.
1653 1494 1762 1545 704
1800 1494 1938 1558 (50).

180 1631 205 1669 5
304 1609 613 1665 TULLIUS
651 1609 905 1663 TIRONI
951 1608 1086 1663 SUO
1136 1608 1188 1663 S.
1226 1610 1288 1665 P.
1327 1610 1392 1664 D.
1439 1610 1534 1663 ET
1574 1610 1830 1667 CICERO
1869 1613 2067 1668 MEUS
2103 1614 2196 1667 ΕΤ

818 1696 1111 1750 FRATER
1146 1696 1241 1750 ET
1276 1696 1587 1753 FRATRIS
1623 1698 1682 1753 F.

368 1822 575 1889 Paulo
635 1824 889 1889 facilius
953 1824 1176 1907 putavi
1238 1845 1426 1907 posse
1490 1846 1592 1887 me
1656 1826 1823 1889 ferre
1883 1826 2270 1891 desiderium
2309 1845 2332 1892 1

234 1912 352 1996 tui,
400 1912 512 1976 sed
554 1912 744 1996 plane
780 1934 911 1976 non
957 1913 1094 1976 fero
1133 1915 1213 1995 et,
1262 1934 1651 1995 quamquam
1686 1913 1908 1999 magni
1945 1914 2026 1977 ad
2068 1913 2269 1979 hono-

234 2023 373 2064 rem
420 2005 714 2064 nostrum
761 2000 1029 2065 interest
1074 2022 1266 2083 quam
1311 2000 1595 2084 primum
1631 2000 1712 2063 ad
1756 2001 1983 2065 urbem
2028 2024 2132 2065 me
2168 2024 2269 2067 ve-

157 2108 207 2147 ιο
235 2090 402 2172 nire,
449 2093 665 2152 tamen
701 2109 993 2172 peccasse
1028 2088 1191 2151 mihi
1228 2088 1467 2172 videor,
1514 2088 1626 2171 qui
1663 2111 1702 2151 a
1736 2093 1800 2153 te
1839 2089 2269 2176 discesserim3

236 2177 375 2260 sed,
436 2177 589 2260 quia
646 2181 760 2240 tua
804 2177 1103 2241 voluntas
1157 2198 1231 2240 ea
1276 2176 1617 2241 videbatur
1670 2198 1830 2260 esse,
1886 2182 1960 2242 ut
2004 2199 2268 2261 prorsus

233 2264 363 2327 nisi
391 2265 769 2329 confirmato
798 2286 1065 2348 corpore
1092 2265 1299 2328 noHes
1326 2265 1647 2351 navigare,
1693 2265 2046 2349 adprobavi
2081 2271 2268 2331 tuum

236 2352 577 2416 consilium
632 2373 839 2435 neque
892 2374 1064 2416 nunc
1116 2357 1326 2436 mut0,
1383 2353 1438 2416 si
1491 2357 1564 2416 tu
1617 2353 1688 2416 in
1741 2354 1961 2417 eadem
2009 2376 2076 2419 es
2130 2377 2269 2419 sen-

233 2440 467 2525 tentia3
527 2441 627 2504 sin
682 2443 923 2524 autem,
982 2444 1402 2525 posteaquam
1457 2441 1674 2505 cibum
1719 2442 1973 2527 cepisti,
2031 2442 2269 2507 videris

154 2546 207 2586 15
235 2528 361 2591 tibi
407 2550 594 2612 posse
629 2550 733 2593 me
770 2529 1092 2613 consequi,
1137 2533 1323 2593 tuum
1361 2530 1700 2594 consilium
1737 2534 1850 2595 est.
1908 2529 2268 2594 Marionem

237 2616 320 2679 ad
372 2620 438 2679 te
484 2638 561 2681 eo
615 2617 795 2701 misi,
855 2620 929 2681 ut
987 2620 1099 2681 aut
1156 2622 1370 2682 tecum
1431 2617 1512 2680 ad
1569 2640 1674 2682 me
1733 2640 1926 2701 quam
1983 2618 2267 2701 primum

234 2704 487 2768 veniret
528 2709 657 2789 aut,
704 2705 759 2769 si
804 2708 877 2768 tu
922 2727 1263 2789 moi-arere,
1311 2706 1530 2769 statim
1576 2705 1658 2769 ad
1700 2727 1805 2769 me
1849 2706 2103 2769 rediret.
2167 2705 2266 2769 Tu
2303 2724 2336 2772 2

235 2796 450 2857 autem
494 2792 621 2856 hoc
666 2792 791 2857 tibi
835 2794 1161 2877 persuade,
1208 2794 1265 2857 si
1311 2794 1649 2858 commodo
1695 2792 2082 2858 valetudinis
2118 2796 2268 2857 tuae

234 2881 377 2945 fieri
431 2880 662 2965 possit,
708 2880 875 2945 nihil
926 2904 1032 2946 me
1086 2882 1277 2945 malle
1335 2904 1527 2965 quam
1582 2885 1646 2946 te
1693 2902 1828 2945 esse
1874 2903 2152 2966 mecum3
2212 2882 2269 2945 si

154 2987 207 3025 20
236 2972 452 3033 autem
490 2969 825 3056 intelleges
862 2991 1022 3054 opus
1056 2992 1190 3033 esse
1226 2974 1292 3033 te
1319 2969 1534 3033 Patris
1561 2970 2041 3033 convalescendi
2079 2990 2270 3033 causa

232 3057 499 3141 paulum
560 3058 976 3142 commorari,
1034 3058 1201 3121 nihil
1258 3080 1364 3121 me
1421 3058 1613 3122 malle
1669 3079 1863 3140 quam
1917 3061 1982 3121 te
2038 3058 2267 3122 valere.

236 3144 305 3209 Si
342 3145 565 3209 statim
609 3146 893 3232 navigas,
938 3167 1057 3210 nos
1092 3145 1383 3209 Leucade
1421 3166 1834 3231 consequere3
1880 3146 1982 3208 sin
2017 3149 2083 3209 te
2122 3167 2269 3209 con-

232 3233 490 3297 firmare
536 3233 660 3318 vis,
716 3238 781 3297 et
837 3234 1102 3298 comites
1157 3238 1223 3297 et
1276 3237 1691 3317 tempestates
1739 3237 1804 3297 et
1857 3255 2087 3298 navem
2134 3234 2269 3299 ido-

231 3344 419 3385 neam
466 3324 539 3386 ut
592 3322 830 3386 habeas
839 3373 856 3405 ,
919 3322 1264 3408 diligenter
1308 3322 1572 3386 videbis.
1663 3320 1884 3386 Unum
1932 3322 2121 3405 illud,
2175 3323 2269 3385 mi

153 3426 205 3465 2⁵
233 3409 416 3493 Tiro,
462 3410 707 3494 videt0,
756 3410 811 3473 si
855 3432 959 3473 me
1004 3432 1205 3493 amas,
1249 3432 1332 3473 ne
1376 3414 1443 3473 te
1487 3408 1800 3474 Marionis
1846 3410 2159 3475 adventus
2205 3415 2271 3475 et

229 3496 352 3561 hae
410 3497 666 3562 litterae
726 3502 1043 3562 moveant.
1134 3496 1322 3575 Quod
1374 3498 1728 3562 valetudini
1787 3502 1936 3563 tuae
1989 3499 2270 3564 maxime
