2567 3884
885 973 1103 1028 LIBER
1157 972 1432 1028 SEXTUS

299 1098 437 1164 AD
495 1099 574 1164 A.
635 1098 1289 1177 TORQUATUM
1344 1098 1471 1205 ΕΤ
1521 1096 2009 1163 CETEROS.

1124 1273 1175 1341 L

699 1396 813 1455 Sor.
852 1397 1061 1452 Romae
1104 1413 1188 1451 ex.
1225 1413 1278 1452 a.
1320 1400 1434 1452 708
1471 1400 1613 1464 (46).

79 1543 107 1584 5
593 1518 670 1573 M.
735 1517 1059 1575 CICEROS.
1105 1519 1172 1574 D.
1210 1519 1276 1575 A.
1324 1517 1737 1584 TORQUATO.

276 1644 424 1709 Etsi
481 1666 555 1709 ea
613 1644 1017 1729 perturbatio
1077 1649 1175 1709 est
1234 1645 1526 1710 omnium
1585 1666 1832 1729 rerum,
1890 1646 1963 1707 ut
2022 1666 2172 1708 suae
2212 1661 2239 1708 1

142 1755 462 1818 quemque
497 1733 794 1798 fortunae
829 1734 1109 1797 maxime
1135 1733 1477 1817 paeniteat,
1512 1755 1831 1817 nemoque
1868 1733 1969 1816 sit,
2017 1733 2174 1816 quin

139 1822 358 1886 ubivis
404 1843 598 1905 quam
643 1821 763 1904 ibi,
809 1820 925 1884 ubi
971 1825 1093 1905 est,
1149 1843 1285 1885 esse
1330 1821 1546 1904 malit,
1592 1824 1809 1885 tamen
1853 1820 2017 1884 mihi
2064 1821 2175 1884 du-

141 1910 329 1974 bium
384 1931 516 1974 non
570 1913 697 1992 est,
758 1908 915 1992 quin
974 1909 1100 1973 hoo
1151 1913 1441 1994 tempore
1501 1909 1673 1973 bono
1728 1909 1870 1973 viro
1928 1907 2173 1972 Romae

53 2021 108 2059 10
142 2019 281 2062 esse
326 1997 760 2061 miserrimum
814 1996 916 2060 sit.
1004 1996 1073 2062 N
1073 2020 1177 2061 am
1183 2047 1203 2082 ,
1257 1998 1407 2081 etsi,
1467 2018 1870 2081 quocumque
1916 1996 1985 2060 in
2029 1996 2173 2061 loeo

143 2086 416 2170 quisque
461 2089 575 2170 est,
620 2085 793 2148 idem
838 2088 935 2148 est
981 2085 1042 2149 ei
1087 2106 1309 2150 sensus
1354 2089 1422 2150 et
1469 2084 1691 2149 eadem
1736 2085 2051 2150 acerbitas
2095 2106 2175 2149 ex

141 2174 414 2238 interitu
459 2194 675 2237 rerum
720 2176 784 2236 et
828 2172 1236 2257 publicarum
1280 2177 1350 2238 et
1401 2195 1688 2258 suarum,
1742 2177 1960 2237 tamen
2006 2173 2175 2238 oculi

141 2265 384 2348 augent
432 2261 745 2345 dolorem,
800 2261 913 2344 qui
960 2283 1059 2346 ea,
1115 2283 1285 2364 quae
1334 2261 1529 2326 ceteri
1585 2260 1881 2346 audiunt,
1937 2261 2177 2326 intueri

142 2353 388 2436 cogunt
450 2371 568 2413 nec
629 2352 916 2413 avertere
976 2371 1016 2413 a
1071 2348 1349 2414 miseriis
1414 2349 1874 2436 cogitationem
1939 2350 2175 2414 sinunt.

53 2459 108 2499 15
143 2437 383 2522 Quare,
429 2437 551 2501 etsi
594 2437 946 2501 multarum
991 2459 1207 2501 rerum
1254 2438 1568 2502 desiderio
1613 2440 1680 2501 te
1724 2438 1878 2524 angi
1922 2459 2176 2502 neeesse

142 2530 273 2610 est,
326 2528 548 2589 tamen
609 2525 727 2590 illo
786 2525 1037 2603 dolore,
1072 2547 1201 2609 quo
1254 2525 1534 2590 maxime
1578 2529 1645 2589 te
1690 2525 1919 2590 confici
1966 2526 2175 2610 audi0,

141 2614 327 2699 quod
370 2613 619 2678 Romae
668 2635 802 2676 non
835 2611 944 2696 eie,
983 2613 1268 2677 animum
1307 2617 1493 2678 tuum
1526 2613 1748 2678 libera.
1822 2613 1968 2677 Etsi
2003 2614 2176 2677 enim

141 2724 294 2767 oum
336 2723 573 2787 magna
615 2700 914 2765 molestia
956 2703 1105 2765 tuos
1149 2705 1387 2785 tuaque
1432 2701 1767 2786 desiderati,
1812 2705 2029 2765 tamen
2064 2701 2177 2764 ilia

141 2790 425 2875 quidem,
472 2811 634 2873 quae
679 2789 972 2873 requirite,
1018 2811 1207 2853 suum
1243 2793 1484 2854 statum
1520 2792 1740 2853 tenent
1777 2811 1895 2853 nee
1929 2789 2178 2873 melina,

55 2900 112 2940 20
142 2879 203 2943 si
247 2881 324 2942 tu
370 2877 645 2961 adesseS,
703 2880 997 2941 tenerent
1049 2898 1169 2941 nec
1212 2881 1363 2941 sunt
1409 2878 1544 2942 ullo
1590 2878 1660 2941 in
1702 2877 1967 2962 proprio
2012 2877 2178 2960 peri-

144 2966 320 3051 ou103
385 2987 504 3030 nec
559 2965 750 3030 debes
803 2968 903 3050 tu,
961 2986 1106 3028 oum
1153 2965 1230 3030 de
1275 2965 1409 3029 tuis
1454 2966 1727 3052 eogitaS,
1784 2969 1894 3029 aut
1938 2966 2178 3048 praeci-

143 3077 344 3139 puam
390 3054 672 3137 aliquam
726 3054 1055 3117 fortunam
1100 3055 1428 3137 postulare
1476 3058 1586 3117 aut
1632 3074 2037 3118 communem
2082 3076 2177 3118 re-

145 3164 388 3208 cusare.
493 3142 591 3205 De
649 3145 714 3205 te
774 3145 991 3205 autem
1036 3142 1210 3225 ipso,
1269 3141 1624 3226 Torquate,
1684 3145 1782 3206 est
1839 3145 2025 3205 tuum
2085 3141 2177 3206 sio
2214 3158 2246 3204 2

143 3230 396 3318 agitare
450 3230 693 3313 anim0,
747 3233 820 3292 ut
873 3251 1006 3293 non
1060 3230 1365 3294 adhibeas
1420 3230 1490 3292 in
1544 3230 1886 3293 consilium
1938 3229 2177 3330 eogita-

57 3337 114 3378 25
142 3321 401 3384 tionum
444 3320 704 3381 tuarum
741 3317 1248 3401 desperationem
1285 3321 1397 3381 aut
1432 3318 1751 3383 timorem.
1829 3315 1897 3382 N
1898 3339 1969 3382 eo
2004 3318 2179 3383 enim

143 3409 219 3492 ie,
267 3407 384 3491 qui
427 3406 497 3470 in
543 3410 608 3470 te
655 3406 862 3470 adhue
896 3405 1215 3490 iniustior,
1262 3428 1457 3490 quam
1492 3410 1605 3471 tua
1643 3406 1923 3508 dignitas
1958 3411 2179 3492 postu-

141 3459 343 3580 la⁷bat,
387 3495 532 3578 fuit,
575 3516 708 3558 non
752 3516 987 3580 magna
1031 3494 1216 3581 signa
1252 3494 1427 3558 dedit
1472 3495 1672 3559 animi
1717 3517 1871 3582 erga
1904 3498 1971 3560 te
2006 3496 2196 3568 miti-¹

2145 3606 2264 3715 f„

2128 3755 2142 3853 1
