2567 3884
919 165 1136 219 LIBER
1173 165 1276 218 XII
1316 171 1470 219 5—7.
2090 165 2219 229 337

190 312 511 375 bonorum
557 309 626 372 in
673 312 737 372 te
781 308 1086 372 et'Bruto
1134 330 1268 372 esse
1312 308 1615 392 positum,
1662 307 1735 391 si,
1783 308 1957 391 quod
1999 309 2221 393 nolim,

190 398 440 463 adversi
489 397 647 481 quid
684 397 984 461 evenerit.
1073 395 1220 480 Res,
1268 417 1414 459 cum
1458 395 1616 458 haec
1662 395 2039 480 scribebam,
2086 402 2222 461 erat

189 487 259 550 in
309 490 667 550 extremum
705 485 977 548 adducta
1015 483 1382 568 discrimen3
1427 482 1669 547 Brutus
1716 483 1887 546 enim
1930 483 2221 549 Mutinae

191 575 306 639 vix
349 574 478 637 iam
525 572 898 636 sustinebat.
990 570 1116 647 Qui
1161 572 1216 635 si
1263 575 1673 635 conservatus
1720 571 1869 655 erit,
1923 572 2221 658 vicimus3

137 679 164 719 5
193 663 312 747 sin,
361 661 535 745 quod
572 661 635 723 di
676 682 862 724 omen
899 662 1217 724 avertant!
1226 711 1244 744 ,
1294 659 1501 723 omnis
1540 659 1829 723 omnium
1867 679 2087 723 cursus
2124 664 2221 724 est

193 751 276 814 ad
317 770 451 814 vos.
541 747 820 812 Proinde
875 748 976 811 fac
1021 748 1308 811 animum
1361 751 1616 811 tantum
1659 746 1897 810 habeas
1928 750 2222 832 tantum-

192 860 316 922 que
363 841 758 921 apparatum,
805 839 1044 919 quanto
1094 857 1253 920 opus
1300 839 1398 899 est
1442 835 1524 898 ad
1568 834 1933 900 universam
1978 858 2115 900 rem
2158 858 2219 921 p.

190 924 704 1010 recuperandam.
779 923 958 987 Vale.

1029 1099 1033 1102 ·
1129 1077 1274 1143 VH.

112 1226 165 1264 10
443 1202 559 1258 Ser.
598 1171 806 1256 Romae
842 1200 990 1254 Non.
1029 1200 1204 1254 Mart.
1245 1207 1347 1256 aut
1382 1207 1554 1270 postr.
1592 1219 1645 1255 a.
1686 1204 1791 1254 711
1829 1203 1970 1269 (43).

891 1321 1148 1376 CICERO
1186 1321 1431 1376 CASSIO
1483 1323 1535 1378 S.

329 1449 582 1526 Quanto
629 1447 843 1513 studio
892 1446 1273 1534 dignitatem
1318 1451 1497 1512 tuam
1544 1451 1609 1511 et
1652 1447 1722 1512 in
1768 1451 1993 1512 senatu
2040 1451 2105 1512 et
2142 1447 2223 1512 ad

193 1539 506 1623 populum
554 1535 962 1619 defenderim,
1010 1557 1087 1599 ex
1132 1535 1262 1599 tuis
1307 1539 1373 1599 te
1418 1535 1589 1601 malo
1637 1558 1829 1619 quam
1867 1559 1948 1600 ex
1981 1559 2085 1601 me
2122 1559 2224 1601 co-

196 1647 528 1712 gnoscere3
575 1647 736 1708 quae
771 1646 915 1688 mea
959 1623 1275 1687 sententia
1311 1623 1380 1686 in
1416 1628 1641 1687 senatu
1677 1624 1864 1688 facile
1900 1625 2223 1709 valuisset,

113 1732 167 1772 15
197 1713 325 1777 nisi
369 1713 577 1777 Pansa
621 1712 1032 1778 vehementer
1087 1711 1457 1795 opstitisset.
1547 1711 1646 1775 Ea
1692 1713 2009 1777 sententia
2054 1711 2225 1776 dicta

194 1801 546 1886 productus
593 1823 736 1865 sum
781 1800 850 1862 in
897 1799 1262 1864 contionem
1300 1820 1337 1862 a
1373 1802 1451 1862 tr.
1479 1799 1565 1882 pl.
1594 1799 1679 1862 M.
1712 1798 2004 1865 Servilio,
2067 1800 2225 1864 Dixi

197 1891 275 1954 de
320 1894 404 1974 te,
451 1911 612 1973 quae
656 1888 870 1972 potui,
925 1891 1106 1951 tanta
1160 1886 1596 1971 contentione,
1652 1892 1964 1971 quantum
2010 1888 2224 1952 forum

197 1981 320 2062 est,
378 1981 560 2041 tanto
616 1977 894 2040 clamore
949 1996 1386 2057 consensuque
1438 1975 1692 2060 populi,
1750 1978 1825 2038 ut
1878 1975 2046 2039 nihil
2089 1998 2225 2039 um-

197 2088 391 2150 quam
445 2064 654 2128 simile
708 2063 996 2128 viderim.
1087 2061 1166 2126 Id
1216 2062 1413 2127 velim
1466 2062 1631 2125 mihi
1692 2063 1987 2148 ignoscas
2053 2063 2227 2145 quod

115 2174 168 2213 20
199 2153 403 2219 invita
447 2174 634 2217 socru
670 2155 784 2215 tua
821 2151 1095 2215 fecerim.
1187 2150 1426 2214 Mulier
1469 2150 1698 2213 timida
1741 2150 2100 2235 verebatur,
2144 2173 2227 2215 116

196 2241 442 2304 Pansae
477 2241 728 2304 animus
766 2239 1210 2304 offenderetur.
1282 2236 1361 2301 In
1388 2238 1687 2302 contione
1725 2237 1984 2322 quidem
2019 2237 2228 2303 Pansa

202 2329 368 2392 dixit
411 2333 683 2392 matrem
730 2349 986 2411 quoque
1030 2330 1210 2391 tuam
1247 2330 1313 2390 et
1350 2327 1616 2390 fratrem
1661 2326 1840 2389 illam
1877 2349 1915 2389 a
1950 2349 2053 2391 me
2091 2348 2229 2390 sen-

199 2416 471 2480 tentiam
528 2417 810 2480 noluisse
872 2415 1012 2478 dici.
1115 2412 1242 2478 Sed
1299 2436 1403 2477 me
1460 2415 1619 2478 haec
1674 2435 1806 2478 non
1863 2414 2230 2499 movebant,

201 2503 328 2567 alia
379 2504 710 2589 valebant3
764 2502 1059 2568 favebam
1114 2505 1179 2566 et
1232 2502 1327 2565 rei
1379 2524 1459 2586 p.,
1516 2502 1619 2565 6111
1666 2523 1917 2586 semper
1960 2502 2118 2586 favi,
2165 2506 2230 2566 et

117 2610 173 2651 25
205 2591 510 2678 dignitati
567 2612 641 2655 ac
697 2591 943 2678 gloriae
997 2593 1162 2654 tuae.
1254 2588 1442 2665 Quod
1494 2593 1709 2653 autem
1764 2594 1829 2653 et
1881 2590 1951 2653 in
2005 2593 2229 2654 senatu

199 2679 495 2764 pluribus
540 2679 754 2744 verbis
801 2678 1072 2742 disserui
1116 2684 1176 2743 et
1217 2677 1353 2741 dixi
1398 2677 1466 2740 in
1512 2677 1838 2762 contione,
1892 2677 1961 2741 in
2007 2700 2082 2742 eo
2127 2699 2231 2741 ve-

198 2769 318 2832 lim
362 2767 556 2832 fidem
600 2788 810 2831 meam
853 2766 1104 2830 liberes
1194 2764 1475 2828 Promisi
1520 2766 1692 2829 enim
1738 2769 1803 2829 61,
1846 2787 2047 2848 prope
2086 2786 2231 2828 con-

199 2856 456 2920 firmavi
500 2859 566 2919 te
619 2877 751 2918 non
809 2857 1207 2938 exspectasse
1253 2875 1371 2918 nec
1416 2857 1933 2937 exspectaturum
1981 2852 2233 2916 decreta

199 2947 439 3028 nostra,
485 2943 597 3007 sed
643 2946 708 3006 te
743 2941 958 3026 ipsum
994 2945 1109 3006 tuo
1146 2962 1326 3005 more
1364 2963 1500 3005 rem
1534 2964 1596 3024 p.
1637 2941 2063 3005 defensurum.
2126 2939 2234 3024 Et,

116 3051 173 3089 30
203 3053 592 3115 quamquam
651 3030 972 3094 nihildum
1031 3029 1465 3112 audieramuS,
1528 3049 1647 3092 1166
1708 3028 1824 3092 ubi
1888 3049 2054 3092 esses
2116 3050 2235 3092 nec

203 3142 361 3204 quas
398 3120 613 3204 copias
647 3119 937 3202 haberes„
981 3120 1197 3181 tamen
1233 3117 1327 3181 sic
1362 3115 1741 3200 statuebam,
1788 3137 2024 3200 61111166,
2072 3137 2234 3200 quae

201 3209 272 3272 in
317 3207 458 3271 istis
502 3207 796 3292 partibus
843 3209 1054 3270 essent
1101 3227 1252 3289 opes
1300 3203 1673 3287 copiaeque,
1718 3208 1862 3268 tuas
1908 3224 2074 3288 esse,
2118 3226 2236 3288 per

202 3300 394 3380 teque
446 3294 671 3361 Asiam
723 3293 1126 3380 provinciam
1180 3291 1579 3356 confidebam
1639 3291 1768 3356 iam
1826 3292 1921 3356 rei
1972 3314 2033 3376 p.
2081 3293 2237 3356 reci-

201 3387 506 3468 peratam.
598 3382 698 3448 Tu
752 3384 854 3447 fac
908 3381 977 3445 in
1032 3375 1324 3467 augenda
1377 3379 1587 3466 gloria
1632 3383 1697 3443 te
1744 3380 1956 3464 ipsum
2001 3380 2234 3446 vincas.

116 3489 175 3530 35
203 3471 382 3536 Vale.
1655 3501 1657 3504 >

313 3583 550 3625 Ciceronis
579 3583 712 3634 epist.
738 3586 774 3624 Ι.
1810 3578 1879 3626 22
