2567 3884
921 212 1139 265 LIBER
1174 212 1277 267 XV
1312 218 1469 268 4-6.
2073 216 2206 279 453

208 356 471 420 militum
530 358 641 419 aut
694 354 1093 440 benignitate
1141 356 1407 419 deorum
1459 359 1773 420 retentam
1828 359 2019 439 atque
2065 379 2210 421 con—

208 446 503 507 servatam
550 464 711 527 esse3
757 443 932 526 quod
976 464 1096 528 ego
1142 464 1285 507 mea
1331 444 1648 507 sententia
1683 445 2031 508 censebam.

323 530 535 614 Atque
578 494 736 593 hae⁷c
772 552 892 616 ego
930 530 1168 596 idcirco
1206 531 1290 594 ad
1323 535 1388 595 te
1427 535 1650 595 contra
1687 532 2209 596 consuetudinem
2247 550 2279 598 3

204 640 395 682 meam
438 618 734 703 pluribus
780 618 1031 702 scripsi,
1086 623 1185 703 ut,
1232 619 1407 701 quod
1450 619 1727 683 maxime
1773 619 1948 703 volo,
1995 620 2210 683 existi·
2271 652 2275 657 ’

156 726 179 765 ⁵
203 728 324 771 mes
374 728 479 770 me
531 706 851 790 laborare,
906 710 980 770 ut
1035 706 1159 769 tibi
1212 707 1629 808 persuadeam
1673 729 1776 771 me
1823 710 1887 770 et
1932 707 2210 772 voluisse

204 795 275 858 de
305 798 417 858 tua
449 794 800 877 maiestate,
838 794 1012 877 quod
1048 793 1516 878 amplissimum
1553 794 1674 858 sim
1713 794 2080 879 arbitratus,
2128 798 2210 878 et,

202 883 361 965 quod
412 886 486 946 tu
540 882 851 965 maluisti,
906 882 1147 946 factum
1202 902 1338 945 esse
1391 882 1687 967 gaudere.
1777 880 1938 946 Vale
1985 886 2049 946 et
2092 904 2211 946 nos

202 970 385 1055 dilige
444 973 509 1033 et
566 970 867 1033 instituto
929 969 1159 1034 itinere
1217 971 1624 1034 severitatem
1684 970 2212 1056 diligentiamque

203 1058 381 1122 sociis
428 1060 493 1121 et
537 1057 630 1120 rei
674 1080 734 1141 p.
780 1061 1048 1140 praesta.

118 1306 169 1344 10
1137 1282 1249 1349 VI.

428 1402 541 1457 Ser.
588 1404 750 1457 Tarsi
776 1405 953 1472 paulo
987 1409 1114 1457 ante
1147 1404 1262 1457 III
1290 1403 1364 1461 K.
1405 1404 1550 1460 Sext.
1591 1423 1643 1459 a.
1684 1407 1793 1460 704
1832 1407 1971 1473 (50).

693 1524 767 1580 M.
807 1523 1063 1579 CICERO
1101 1524 1154 1581 S.
1190 1524 1257 1580 D.
1295 1525 1370 1581 M.
1410 1524 1696 1581 CATONI.

314 1668 622 1733 ‘Laetus
668 1689 828 1731 sum
863 1667 1162 1731 laudari
1206 1668 1371 1752 me',
1417 1668 1630 1751 inquit
1664 1668 1925 1752 Hector,
1964 1668 2210 1754 opinor,
2248 1687 2275 1735 1

192 1757 360 1840 apud
394 1756 731 1840 Naevium,
777 1756 931 1839 ‘aps
976 1759 1075 1839 te,
1121 1759 1366 1839 pater,
1412 1777 1448 1819 a
1492 1757 1803 1820 laudato
1849 1756 2064 1820 viro'.
2111 1755 2210 1819 Ea

103 1865 157 1906 15
186 1848 283 1909 est
327 1845 499 1908 enim
542 1844 833 1928 profecto
878 1842 1153 1907 iucunda
1196 1843 1355 1927 laus,
1402 1865 1563 1927 quae
1610 1844 1690 1907 ab
1738 1844 1818 1907 iis
1863 1844 2209 1927 proficisci-

184 1937 318 2017 tur,
379 1932 492 2016 qui
536 1932 661 2015 ipsi
706 1931 775 1994 in
818 1930 1005 1995 laude
1049 1931 1366 1995 vixerunt.
1457 1931 1602 2016 Ego
1647 1952 1800 1995 vero
1846 1930 1949 1994 vel
1993 1935 2209 2015 gratu-

180 2020 423 2085 latione
490 2020 855 2083 litterarum
917 2022 1176 2083 tuarum
1232 2018 1338 2082 vel
1405 2019 1794 2083 testimoniis
1857 2018 2210 2082 sententiae

184 2109 391 2171 dictae
434 2107 602 2171 nihil
646 2110 743 2172 est
780 2106 953 2190 quod
994 2128 1098 2170 me
1141 2127 1274 2169 non
1317 2106 1687 2170 adsecth
1731 2108 1970 2190 putem,
2015 2106 2210 2189 idque

180 2196 347 2259 mihi
384 2217 529 2259 cum
566 2194 1031 2279 amplissimum
1076 2198 1217 2257 tum
1260 2194 1702 2279 gratissimum
1738 2197 1852 2277 est,
1898 2196 1962 2257 te
2006 2194 2210 2257 liben-

92 2305 150 2343 20
179 2286 283 2347 ter
329 2283 649 2347 amicitiae
696 2282 958 2366 dedisse,
1005 2282 1179 2364 quod
1208 2281 1471 2364 ‘liquido
1508 2281 1766 2345 veritati
1813 2282 2010 2345 dares.
2101 2281 2209 2366 Et,

181 2370 240 2433 si
277 2392 411 2433 non
444 2370 637 2434 modo
676 2392 913 2453 omneS,
956 2390 1180 2433 verum
1217 2370 1413 2433 etiam
1457 2369 1649 2433 multi
1687 2367 1962 2433 Catones
1998 2374 2209 2433 essent

178 2458 249 2522 in
290 2458 550 2521 civitate
592 2462 829 2541 nostra,
874 2458 944 2520 in
989 2478 1116 2540 qua
1158 2478 1362 2521 unum
1398 2456 1718 2521 exstitisse
1761 2457 2057 2521 mirabile
2093 2461 2208 2541 est,

178 2566 377 2628 quem
424 2567 545 2630 ego
599 2566 857 2609 currum
915 2549 1027 2607 aut
1072 2566 1264 2627 quam
1319 2545 1602 2608 lauream
1648 2566 1793 2608 cum
1837 2548 1950 2609 tua
1993 2545 2208 2607 lauda-

172 2633 361 2697 tione
409 2633 809 2697 conferrem‘?
897 2631 1067 2697 Nam
1122 2632 1204 2695 ad
1246 2654 1463 2696 meum
1509 2653 1763 2696 sensum
1811 2636 1875 2695 et
1921 2632 2001 2694 ad
2045 2631 2209 2694 illud

79 2740 143 2782 25
173 2721 505 2785 sincerum
560 2742 632 2783 ac
684 2719 919 2804 suptile
973 2720 1282 2783 iudicium
1337 2720 1503 2784 nihil
1555 2724 1770 2804 potest
1815 2740 1949 2783 esse
1993 2719 2208 2783 lauda-

170 2809 381 2872 bilius
427 2830 618 2892 quam
664 2830 739 2871 ea
782 2812 894 2871 tua
939 2808 1145 2871 oratio
1156 2858 1175 2891 ,
1233 2828 1396 2890 quae
1442 2810 1539 2871 est
1583 2807 1663 2870 ad
1706 2828 1809 2873 me
1853 2807 2208 2890 perscripta

168 2919 211 2959 a
257 2896 427 2960 meis
469 2895 855 2959 necessariis.
947 2892 1074 2959 Sed
1118 2916 1373 2959 causam
1416 2916 1594 2958 meae
1638 2894 2016 2978 voluntatis,
2074 2915 2206 2958 non
2243 2912 2275 2959 2

167 2984 355 3048 enim
395 2984 600 3046 dicam
628 2982 1061 3066 ‘cupiditatis',
1099 2983 1366 3066 exposui
1402 2982 1526 3045 tibi
1564 2982 2001 3065 superioribus
2035 2980 2206 3045 h'tte-

164 3072 294 3156 ris;
344 3093 508 3155 quae
545 3071 797 3135 etiamsi
831 3092 1059 3154 parum
1095 3070 1265 3133 iusta
1301 3069 1425 3133 tibi
1456 3069 1596 3132 visa
1631 3072 1745 3152 est,
1787 3068 1956 3133 hanc
1990 3072 2206 3131 tamen

60 3181 131 3221 so
162 3160 378 3223 habet
433 3158 775 3242 rationem,
828 3180 959 3221 non
1014 3161 1087 3221 ut
1140 3158 1334 3221 nimis
1390 3156 1928 3257 concupiscendus
1980 3156 2207 3240 honos,

161 3248 287 3311 sed
334 3250 572 3331 tamen,
619 3246 674 3309 si
722 3245 1043 3309 deferatur
1086 3267 1123 3308 a
1140 3247 1421 3328 senatu,
1464 3244 1729 3307 minime
1775 3244 2207 3345 aspernandus

160 3356 312 3399 esse
371 3328 679 3398 videatur.
774 3331 973 3417 Spero
1029 3336 1243 3396 autem
1297 3332 1484 3395 illum
1539 3332 1827 3395 ordinem
1881 3353 2000 3415 pro
2046 3332 2208 3395 meis

158 3423 253 3487 ob
320 3444 459 3487 rem
502 3446 573 3523 p.
620 3421 930 3506 susceptis
982 3419 1316 3484 laboribus
1369 3440 1473 3483 me
1526 3440 1656 3484 non
1711 3419 2064 3521 indignum·
2092 3420 2206 3484 ho-

153 3532 363 3596 nore,
419 3510 658 3575 usitato
702 3508 1111 3595 praesertim,
1166 3507 1699 3573 existimaturum.
1791 3506 1980 3586 Quod
2013 3508 2070 3573 si
2113 3508 2208 3573 ita
