2567 3884
500 240 598 294 AD
637 240 878 305 QUINT.
919 241 1174 296 FRATR.
1213 242 1430 295 LIBER
1465 243 1518 295 H
1557 250 1641 311 12,
1683 249 1765 297 13.
2020 242 2148 307 537

153 384 412 466 quidem,
475 388 548 448 ut
594 385 810 447 omnia
868 406 1009 447 mea
1063 384 1274 447 studia
1328 385 1398 448 in
1452 385 1649 448 istum
1695 407 1894 449 unum
1942 387 2152 449 confe-

149 494 286 534 ram.
380 471 522 557 Ego
583 493 735 535 vero
801 472 1051 535 ardenti
1112 473 1369 555 quidem
1435 473 1680 557 studio,
1745 495 1818 537 ac
1880 475 2151 539 fortasse

148 560 414 644 efficiam,
464 559 637 643 quod
673 581 860 643 saepe
895 560 1270 644 viatoribus,
1319 582 1464 624 cum
1507 565 1873 645 properant,
1920 562 2151 646 evenit,

147 652 235 730 ut,
290 648 341 711 si
383 649 613 731 seriuS,
670 669 860 731 quam
905 648 1259 733 voluerint,
1315 649 1482 713 forte
1529 650 1951 733 surrexerint,
2004 672 2150 734 pro-

101 736 404 819 sperando
469 736 663 799 etiam
729 736 918 799 citius
927 787 945 820 ,
1009 759 1201 820 quam
1261 736 1317 799 si
1380 736 1455 800 de
1516 740 1705 801 nocte
1758 737 2150 824 vigilassent,

141 824 514 907 perveniant,
552 845 681 906 quo
708 824 927 907 velint,
974 825 1065 887 sic
1101 846 1241 909 eg0,
1281 825 1585 908 quoniam
1621 826 1690 888 in
1726 826 1853 889 isto
1887 826 2151 890 homine

143 912 392 975 colendo
446 915 580 975 tam
639 912 984 976 indormivi
1045 913 1154 976 diu
1208 916 1274 976 te
1328 913 1689 977 mehercule
1745 935 1931 996 saepe
1986 915 2149 977 exci-

140 1003 331 1083 tante,
377 1021 564 1063 cursu
611 1000 930 1085 corrigam
974 1000 1346 1064 tarditatem
1393 1022 1537 1064 cum
1584 1003 1763 1084 equis
1809 1006 1950 1065 tum
1996 1024 2149 1066 vero

140 1051 458 1172 (quoriiam
517 1091 591 1150 tu
651 1088 877 1151 scribis
939 1094 1168 1172 poema
1227 1089 1308 1152 ab
1370 1111 1447 1153 eo
1505 1093 1798 1153 nostrum
1857 1088 2149 1175 probari)

101 1176 456 1275 vquadrigis
499 1176 795 1260 Ροόίῑίοῑίες
847 1176 1040 1240 modo
1087 1177 1250 1240 mihi
1300 1178 1443 1241 date
1488 1177 1909 1261 Britanniam,
1957 1199 2149 1261 quam

135 1265 390 1349 pingam
435 1263 760 1327 coloribus
803 1265 958 1347 tuis,
1005 1263 1307 1348 penicillo
1352 1287 1514 1330 meo.
1608 1265 1735 1329 Sed
1781 1266 1937 1350 quid
1982 1266 2151 1351 ago‘?

135 1352 302 1434 quod
361 1351 523 1414 mihi
585 1355 869 1435 tempus,
937 1351 1180 1416 Romae
1242 1355 1650 1437 praesertim,
1725 1358 1797 1418 ut
1861 1354 1984 1417 iste
2045 1376 2149 1417 me

133 1443 348 1524 rogat,
428 1440 742 1523 manenti,
825 1461 1096 1503 vacuum
1169 1441 1530 1505 ostenditur
1548 1444 1581 1504 P
1700 1440 1826 1505 Sed
1896 1441 2147 1526 vider03

132 1529 395 1590 fortasse
449 1528 652 1611 enim,
711 1530 783 1590 ut
837 1529 943 1611 fit,
1001 1529 1215 1591 vincet
1268 1532 1418 1592 tuus
1473 1552 1654 1593 amor
1710 1552 1929 1594 omnes
1986 1530 2149 1593 diffi-

133 1616 412 1679 cultateS.

259 1701 632 1767 Trebatium
677 1703 851 1785 quod
895 1703 975 1765 ad
1021 1725 1088 1767 se
1131 1703 1448 1788 miserim,
1494 1704 1773 1787 persalse
1820 1709 1884 1769 et
1926 1705 2149 1769 huma-

127 1791 296 1854 niter
353 1791 546 1854 etiam
605 1791 846 1876 gratias
903 1791 1067 1854 mihi
1125 1792 1294 1877 agit3
1358 1796 1552 1877 negat
1612 1793 1782 1855 enim
1842 1794 1910 1855 in
1968 1797 2150 1856 tanta

123 1880 541 1943 multitudine
587 1900 834 1963 eorum,
891 1879 1002 1962 qui
1048 1902 1175 1943 una
1221 1883 1457 1964 essent,
1505 1901 1889 1963 quemquam
1936 1881 2148 1964 fuisse,

124 1968 237 2051 qui
283 1967 722 2031 vadimonium
768 1968 1099 2051 concipere
1143 1972 1377 2051 posset.
1468 1966 1553 2031 M.
1595 1966 1818 2031 Curtio
1864 1968 2149 2031 tribuna-

121 2061 263 2119 tum
309 2056 390 2119 ab
439 2078 514 2119 eo
558 2054 762 2138 petivi
817 2053 994 2140 (nam
1039 2055 1367 2119 Domitius
1412 2077 1480 2118 se
1527 2055 1801 2119 derideri
1845 2060 2150 2140 putasset,

121 2145 177 2206 si
223 2147 392 2207 esset
437 2167 474 2207 a
517 2165 624 2206 me
666 2148 957 2229 rogatus3
1015 2143 1139 2207 hoc
1194 2144 1366 2207 enim
1413 2147 1509 2207 est
1556 2144 1691 2207 eius
1737 2144 2149 2227 cotidianum,

119 2252 187 2294 se
233 2252 316 2293 ne
363 2232 696 2296 tribunum
741 2232 1024 2294 militum
1071 2231 1329 2315 quidem
1376 2232 1598 2295 facere.
1682 2231 1899 2296 Etiam
1945 2233 2013 2296 in
2060 2254 2151 2296 se-

117 2322 279 2381 natu
315 2319 472 2383 lusit
496 2318 783 2403 Appium
812 2319 1124 2405 collegam
1159 2323 1501 2403 propterea
1527 2320 1651 2383 isse
1680 2320 1761 2382 ad
1798 2319 2149 2405 Gaesarem,

116 2411 193 2469 ut
250 2406 531 2489 aliquem
585 2408 988 2471 tribunatum
1043 2405 1378 2494 auferret),
1438 2408 1548 2471 sed
1600 2408 1669 2471 in
1725 2409 1998 2473 alterum
2044 2432 2151 2473 an-

113 2516 296 2557 num.
357 2494 435 2558 Id
479 2498 543 2559 et
591 2495 850 2559 Curtius
895 2496 988 2559 ita
1024 2496 1298 2560 volebat.
1746 2560 1751 2567 ,

253 2581 383 2665 Tu,
439 2604 627 2665 quem
683 2584 765 2647 ad
820 2584 1085 2647 modum
1137 2606 1241 2647 me
1297 2605 1513 2647 censes
1560 2587 1858 2667 oportere
1904 2605 2038 2647 esse
2086 2588 2151 2646 et

109 2670 184 2732 in
232 2691 304 2733 re
361 2670 622 2754 publica
675 2675 740 2734 et
794 2672 863 2735 in
916 2672 1155 2735 nostris
1201 2672 1585 2754 inimicitiis,
1645 2672 1738 2735 ita
1793 2675 1857 2735 et
1905 2692 2039 2734 esse
2086 2675 2150 2735 et

106 2760 256 2820 fore
307 2759 554 2821 oricula
597 2758 820 2822 infima
864 2760 1024 2823 scito
1071 2760 1450 2823 molliorem.
1540 2759 1669 2823 Res
1709 2759 2037 2822 Romanae
2084 2780 2150 2821 se

105 2846 205 2908 sic
252 2846 611 2910 habebant:
658 2845 819 2910 Erat
861 2870 992 2911 non
1030 2848 1208 2910 nulla
1245 2869 1390 2930 spes
1427 2847 1853 2930 comitiorum,
1901 2846 2013 2909 sed
2058 2846 2151 2908 in-

107 2937 318 3017 certa,
381 2937 520 2998 erat
573 2933 789 3017 aliqua
842 2936 1120 3019 suspicio
1181 2935 1565 3018 dictaturae,
1622 2956 1704 2997 ne
1763 2956 1837 2997 ea
1891 2934 2151 3019 quidem

107 3025 319 3105 certa,
378 3044 701 3086 summum
757 3023 961 3086 otium
1006 3024 1290 3106 forense,
1350 3022 1462 3085 sed
1516 3022 1901 3085 senescentis
1944 3023 2153 3108 magis

107 3110 404 3174 civitatis
451 3132 644 3193 quam
681 3111 1165 3194 adquiescentiS,
1213 3110 1531 3173 sententia
1567 3113 1781 3173 autem
1826 3115 2049 3174 nostra
2084 3111 2153 3174 in

107 3203 345 3262 senatu
414 3199 551 3261 eius
614 3199 822 3283 modi,
884 3200 1092 3285 magis
1157 3202 1229 3261 ut
1294 3198 1404 3261 alii
1469 3197 1657 3262 nobis
1713 3199 2155 3262 adsentiantur

107 3309 310 3371 quam
361 3290 615 3350 nosmet
661 3287 802 3370 ipsi.

381 3407 688 3473 “Τοιαῦθ’
739 3408 774 3473 ὁ
822 3412 1088 3493 τλήμων
1133 3412 1417 3493 πόλεμος
1463 3408 1903 3494 ἐξεργάζεται)
