2567 3884
285 143 412 207 152
1044 140 1559 195 EPISTULARUM

279 306 619 369 persuasus
679 288 805 369 est,
867 283 1023 367 quid
1081 283 1380 348 irascitur
1436 284 1521 368 ei,
1582 284 1694 367 qui
1754 282 1998 367 aliquid
2052 282 2310 367 scripsit

283 378 506 437 contra
558 394 740 437 suam
793 372 1222 457 voluntatem,
1289 394 1434 437 cum
1496 371 1743 458 ignorit
1807 372 2131 455 omnibus,
2196 371 2311 455 qui

211 478 242 526 3
280 463 486 526 multa
531 461 683 524 deos
727 459 1014 525 venerati
1059 460 1189 524 sint
1236 464 1461 524 contra
1504 461 1642 525 eius
1688 460 2002 524 salutem?
2062 459 2190 524 Sed
2233 463 2313 524 ut

283 551 507 614 eodem
560 552 871 633 revertar,
931 569 1119 612 causa
1169 548 1329 613 haec
1382 549 1509 612 fuit
1567 548 1856 612 timoris:
1930 546 2171 631 Scripsi
2228 547 2307 612 de

281 642 346 702 te
390 658 577 722 parce
623 636 872 700 medius
907 636 1100 700 fidius
1135 641 1200 701 et
1234 636 1461 700 timide
1496 658 1628 700 non
1664 657 1969 701 revocans
2008 658 2111 700 me
2148 636 2305 721 ipse,
2337 652 2366 694 5

282 727 393 789 sed
436 747 636 810 paene
682 724 1022 810 refugiens
1116 723 1332 789 Genus
1376 728 1591 788 autem
1626 725 1753 788 hoc
1788 724 2139 808 scripturae
2174 746 2309 787 non

280 814 473 879 modo
517 813 813 897 liberum,
859 813 971 876 sed
1014 813 1359 877 incitatum
1399 816 1591 897 atque
1627 813 1868 877 elatum
1904 834 2040 876 esse
2077 812 2309 876 debere

284 902 427 986 quis
481 902 786 988 ignorat?
878 898 1177 965 Solutum
1236 900 1643 965 existimatur
1700 922 1836 964 esse
1894 900 2082 964 alteri
2138 900 2309 964 male

284 991 491 1054 dicere
548 988 792 1076 (tamen
848 989 1198 1053 cavendum
1252 993 1375 1073 est,
1434 1011 1515 1052 119
1569 990 1639 1052 111
1682 988 2106 1073 petulantiam
2151 988 2304 1053 inci-

283 1076 451 1165 das),
497 1077 879 1161 impeditum
925 1098 992 1139 se
1038 1077 1251 1160 ipsum
1285 1076 1563 1160 laudare,
1607 1098 1688 1140 ne
1724 1077 1958 1141 vitium
1993 1077 2303 1162 adrogan-
2332 1094 2389 1134 10

281 1167 409 1230 tiae
455 1166 899 1248 subsequatur,
945 1164 1154 1228 solum
1188 1187 1343 1229 vero
1387 1165 1665 1229 liberum
1710 1166 1983 1229 alterum
2027 1165 2304 1249 laudare,

273 1255 362 1318 -de
408 1275 536 1338 quo
594 1253 900 1337 quicquid
955 1252 1276 1338 detrahas,
1334 1273 1589 1317 necesse
1644 1257 1741 1316 est
1786 1256 1898 1316 aut
1941 1252 2305 1316 infirmitati

285 1346 397 1406 aut
455 1340 734 1405 invidiae
793 1340 1181 1426 adsignetur.
1270 1339 1371 1404 Ac
1426 1341 1672 1424 nesci0‚
1736 1363 1818 1404 an
1875 1340 1999 1404 tibi
2055 1340 2307 1427 gratius

284 1429 836 1513 opportuniusque
890 1429 1216 1514 acciderit3
1274 1451 1451 1512 nam,
1506 1392 1680 1513 quod
1729 1429 2052 1512 praeclare
2096 1429 2306 1492 facere

282 1539 414 1581 non
467 1521 785 1601 poteram,
841 1518 1125 1600 primum
1179 1520 1317 1580 erat
1368 1538 1501 1580 non
1554 1518 1800 1580 attine
1956 1517 2305 1581 secundum
2332 1532 2395 1575 15

283 1605 666 1670 beneficium
725 1627 918 1689 quam
979 1604 1351 1689 parcissime
1409 1606 1631 1668 facere.
1720 1539 1898 1668 goze,
1908 1608 2123 1669 tamen
2180 1626 2305 1691 ego

285 1694 544 1778 quidem
587 1715 691 1757 me
737 1694 1039 1778 sustinui3
1083 1695 1290 1757 multa
1323 1693 1547 1776 minui,
1592 1693 1798 1756 multa
1842 1693 2090 1777 sustuli,
2137 1713 2307 1756 com-

281 1783 470 1866 plura
512 1803 593 1845 ne
637 1782 825 1865 posui
871 1782 1146 1866 quidem.
1238 1779 1442 1857 Quem
1480 1781 1561 1843 ad
1603 1781 1867 1845 modum
1910 1781 2129 1867 igitur,
2176 1802 2308 1844 sca-

281 1872 492 1935 larum
535 1870 773 1956 gradus
820 1870 875 1933 si
919 1870 1081 1933 alios
1126 1870 1349 1952 tollas,
1396 1869 1556 1932 alios
1601 1869 1869 1953 incidas,
1914 1891 2047 1933 non
2090 1869 2307 1933 nullos

281 1959 448 2022 male
491 1957 814 2022 haerentis
859 1957 1200 2041 relinquas,
1245 1958 1467 2021 ruinae
1510 1957 1867 2040 periculum
1902 1961 2129 2042 struas,
2172 1979 2307 2022 non
2334 1974 2390 2015 20

281 2068 612 2111 ascensum
655 2067 858 2130 pareS,
904 2046 996 2108 sic
1039 2049 1140 2109 tot
1182 2046 1371 2108 malis
1415 2049 1556 2108 tum
1600 2046 1913 2129 vinctum,
1959 2049 2101 2109 tum
2144 2045 2307 2109 frac-

281 2139 423 2199 tum
468 2134 752 2198 studium
798 2133 1118 2198 scribendi
1172 2134 1330 2217 quid
1383 2133 1651 2219 dignum
1696 2133 1959 2197 auribus
2006 2137 2117 2198 aut
2160 2155 2308 2217 pro-

281 2222 498 2287 babile
541 2225 756 2305 potest
801 2220 1092 2285 adferre?

417 2308 579 2374 Cum
623 2331 776 2373 vero
822 2309 903 2372 ad
947 2308 1150 2393 ipsius
1187 2306 1475 2377 Caesaris
1509 2330 1745 2373 nomen
1780 2308 1946 2392 veni,
1990 2312 2133 2374 toto
2171 2329 2309 2373 cor-

281 2420 438 2481 pore
485 2401 919 2461 contremesco
964 2419 1096 2461 non
1139 2418 1382 2481 poenae
1426 2401 1631 2481 metu,
1686 2397 1798 2460 sed
1842 2397 2017 2460 illius
2063 2396 2305 2461 iudicii.
2335 2414 2389 2457 25

281 2486 519 2550 Totum
578 2486 750 2548 enim
809 2484 1143 2549 Caesarem
1201 2506 1333 2548 non
1389 2485 1559 2548 novi.
1665 2483 1868 2561 Quem
1925 2489 2115 2568 putas
2174 2486 2309 2549 ani-

281 2596 462 2638 mum
506 2595 668 2658 esse,
726 2573 841 2636 ubi
896 2595 1110 2637 secum
1153 2571 1491 2656 loquitur?
1574 2571 1749 2637 ‘Hoc
1791 2573 2123 2657 probabit,
2180 2573 2311 2637 hoc

281 2661 551 2726 verbum
595 2661 1018 2745 suspiciosum
1065 2664 1177 2725 est.
1268 2659 1455 2745 Quid,
1502 2660 1557 2724 si
1600 2660 1727 2724 hoc
1768 2662 1996 2725 muto?
2067 2660 2159 2725 At
2202 2684 2311 2725 ve-

282 2772 453 2835 reor,
516 2772 597 2814 119
649 2750 833 2834 peius
888 2750 988 2813 sit.
1079 2748 1222 2834 Age
1275 2770 1454 2833 ver0,
1517 2748 1710 2812 laudo
1774 2749 2085 2835 aliquem3
2148 2771 2307 2814 num

282 2838 580 2903 offendo?
629 2836 791 2902 Cum
835 2859 1030 2921 porro
1077 2836 1413 2936 offendam,
1461 2836 1633 2921 quid,
1680 2836 1734 2900 si
1780 2858 1911 2901 non
1955 2837 2140 2901 vult?
2186 2836 2308 2902 Ar-
2336 2856 2393 2897 so

279 2926 439 2989 mati
475 2926 697 2989 stilum
732 2925 1165 3033 persequitur3
1211 2924 1367 2988 victi
1404 2928 1469 2988 et
1504 2925 1791 2989 nondum
1828 2926 2113 2989 restituti
2150 2926 2309 3009 quid

281 3013 632 3187 facizssiiges
692 3100 885 3164 etiam
944 3104 1018 3164 tu
1075 3100 1239 3163 mihi
1297 3099 1628 3184 timorem,
1694 3100 1804 3184 qui
1864 3100 1933 3164 in
1988 3099 2307 3165 Oratore'

280 3194 394 3253 tuo
443 3210 626 3254 caves
668 3189 794 3252 tibi
837 3210 956 3272 per
997 3187 1274 3251 Brutum
1320 3191 1386 3252 et
1431 3188 1513 3251 ad
1548 3188 2024 3253 excusationem
2060 3189 2307 3254 socium

281 3277 550 3361 quaeris
640 3275 775 3341 Ubi
832 3277 957 3340 hoc
1017 3276 1307 3340 omnium
1363 3280 1674 3359 patronus
1728 3277 1913 3361 facit,
1974 3277 2131 3361 quid
2183 3299 2306 3363 me,
2334 3296 2391 3338 ⁸5

279 3369 562 3429 veterem
596 3368 800 3448 tuum,
836 3385 1008 3428 nunc
1044 3364 1334 3428 omnium
1372 3364 1687 3448 clientem,
1734 3365 1971 3429 sentire
2007 3366 2308 3449 oportet?

277 3450 356 3515 In
408 3451 532 3515 hac
584 3452 787 3537 igitur
842 3452 1159 3516 calumnia
1216 3451 1472 3516 timoris
1527 3456 1591 3515 et
1646 3474 1864 3518 caecae
1924 3453 2307 3537 suspicionis
