2567 3884
360 174 495 237 446
1121 175 1642 229 EPISTULARUM

364 338 510 381 rum
562 317 875 381 fidelitate
928 322 1243 382 tueamur.
1335 317 1436 382 Tu
1489 318 1713 402 velim,
1767 320 1842 381 ut
1887 318 2240 402 consuesti,
2287 339 2416 381 nos

364 406 649 488 apsentis
696 406 931 491 diligas
977 410 1045 470 et
1088 406 1409 469 defendas,

1321 562 1437 629 IV.

616 684 732 739 Ser.
778 684 941 739 Tam·
972 685 1057 738 νει
1092 701 1176 739 ex.
1213 702 1266 739 a.
1308 688 1419 739 703
1458 688 1578 752 (51)
1615 686 1700 738 vez
1733 686 1813 738 in.
1853 687 1962 739 704
2001 685 2142 751 (50).

775 805 851 861 M.
890 805 1147 860 CICERO
1193 806 1342 862 nff.
1381 806 1435 862 S.
1472 807 1540 861 D.
1577 807 1653 861 M.
1693 806 1976 860 CATONI.
2463 828 2488 866 5

298 947 328 996 1
503 930 769 996 Summa
825 936 941 996 tua
992 931 1344 996 auctoritas
1402 931 1558 995 fecit
1615 954 1957 1016 meumque
2012 934 2410 1015 perpetuum

368 1020 447 1084 de
501 1023 617 1085 tua
668 1020 981 1105 singulari
1034 1021 1275 1084 virtute
1332 1019 1669 1104 iudicium,
1724 1024 1800 1083 ut
1851 1020 2070 1105 magni
2117 1041 2268 1083 mea
2313 1020 2410 1082 111-

368 1112 607 1172 teresse
650 1112 947 1191 putarem
991 1112 1057 1171 et
1101 1130 1382 1192 reseas,
1429 1130 1587 1191 quas
1631 1108 1996 1193 gessissem,
2041 1107 2169 1171 tibi
2213 1111 2409 1170 notas

368 1218 505 1261 esse
550 1199 616 1259 et
660 1217 794 1259 non
828 1196 1117 1282 ignorari
1153 1218 1191 1259 a
1225 1200 1318 1281 te,
1365 1218 1492 1279 qua
1535 1196 1857 1280 aequitate
1893 1199 1959 1258 et
2003 1196 2410 1259 continentia

368 1288 585 1347 tuerer
644 1284 852 1347 socios
908 1284 1435 1366 provinciamque
1494 1284 1990 1347 administarem.
2077 1280 2172 1346 118
2229 1284 2408 1346 8111111
2436 1303 2484 1340 ιο

368 1393 409 1434 8
452 1376 519 1435 te
563 1371 841 1456 cognitis
886 1372 1249 1435 arbitrabar
1293 1372 1546 1435 facilius
1589 1394 1694 1435 me
1737 1371 1864 1435 tibi
1875 1423 1895 1457 ,
1941 1392 2104 1455 quae
2149 1371 2407 1454 venem,

369 1458 811 1559 probaturum.

299 1562 331 1609 2
507 1544 724 1610 Cum
706 1569 774 1609 111
810 1547 1210 1630 provinciam
1244 1569 1340 1630 pr.
1370 1546 1448 1610 K.
1478 1545 1650 1611 Sext
1679 1547 1996 1610 venissem
2033 1549 2099 1610 et
2135 1550 2410 1630 propter

370 1634 523 1697 anni
576 1637 831 1718 tempus
890 1636 973 1698 ad
1026 1635 1381 1699 exercitum
1433 1636 1598 1698 1111111
1657 1635 1995 1699 confestim
2053 1656 2192 1698 esse
2255 1656 2408 1698 eun—

371 1721 526 1785 dum
568 1722 871 1806 viderem,
915 1722 1186 1787 biduum
1230 1722 1570 1787 Laodiciae
1615 1723 1743 1807 fui,
1803 1722 2030 1786 deinde
2072 1721 2406 1805 Apameae
2433 1740 2481 1780 15

371 1810 817 1895 quadriduum,
852 1811 1141 1875 triduum
1179 1809 1516 1896 SynnadiS,
1552 1811 1826 1874 totidem
1864 1810 1999 1873 dies
2032 1809 2404 1874 Philomeli.

370 1897 620 1974 Quibus
654 1899 725 1962 in
762 1899 1015 1983 oppidis
1052 1920 1198 1962 cum
1242 1899 1463 1984 magni
1509 1902 1859 1963 conventus
1903 1898 2196 1982 fuissent,
2241 1898 2408 1962 111111-

368 1990 470 2051 tas
515 1987 808 2051 civitates
852 1986 1281 2051 acerbissimis
1324 1987 1590 2050 tributis
1637 1991 1701 2050 et
1745 1986 2144 2072 gravissimis
2190 1986 2407 2049 usuris

370 2077 436 2137 et
482 2075 645 2139 falso
691 2096 835 2138 aere
879 2075 1089 2139 alieno
1142 2075 1432 2139 liberavi.
1525 2073 1814 2158 Cumque
1860 2076 2008 2137 ante
2053 2074 2406 2137 adventum

370 2183 586 2226 meum
624 2163 937 2226 seditione
965 2162 1241 2246 quadam
1267 2162 1586 2226 exercitus
1623 2166 1789 2226 esset
1817 2162 2180 2245 dissipatuS,
2219 2162 2405 2246 quin-
2432 2182 2480 2219 20

372 2269 496 2331 que
542 2250 838 2313 cohortes
893 2252 1029 2315 sine
1082 2251 1298 2336 legato
1306 2302 1324 2334 ‚
1372 2251 1509 2314 sine
1551 2251 1816 2314 tribuno
1861 2250 2175 2333 militum,
2233 2250 2406 2313 deni-

371 2356 496 2419 que
543 2338 738 2401 etiam
782 2338 919 2402 sine
965 2338 1338 2402 centurione
1383 2338 1519 2403 ullo
1555 2338 1726 2422 apud
1759 2337 2222 2401 Philomelium
2259 2359 2406 2401 con-

371 2423 683 2488 sedissent
700 2476 718 2508 ,
790 2426 1078 2509 reliquus
1141 2426 1458 2490 exercitus
1522 2430 1689 2490 esset
1750 2426 1819 2489 in
1879 2425 2210 2508 Lycaonia
2225 2476 2244 2509 ,
2315 2425 2404 2488 M.

369 2510 623 2576 Anneio
677 2514 893 2599 legato
949 2514 1288 2598 imperavi,
1343 2517 1417 2577 ut
1471 2535 1576 2578 eas
1632 2514 1915 2598 quinque
1969 2513 2272 2577 cohortes
2325 2514 2404 2576 ad

370 2600 692 2683 reliquum
738 2601 1091 2666 exercitum
1137 2602 1398 2665 duceret
1433 2605 1781 2686 coactoque
1825 2602 1895 2665 in
1938 2623 2140 2665 unum
2185 2602 2402 2665 locum
2429 2618 2478 2657 25

300 2705 332 2752 3
372 2689 658 2753 exercitu
686 2693 894 2753 castra
927 2690 999 2753 in
1023 2689 1352 2773 Lycaonia
1386 2691 1556 2774 apud
1581 2688 1870 2754 Iconium
1898 2690 2155 2753 faceret.
2219 2688 2407 2765 Quod

371 2796 517 2841 cum
581 2777 662 2840 ab
725 2778 841 2841 1110
907 2778 1251 2863 diligenter
1315 2782 1480 2842 esset
1542 2778 1785 2841 factum
1793 2829 1811 2861 ‚
1874 2799 1996 2863 ego
2061 2777 2132 2840 in
2198 2782 2408 2841 castra

369 2886 423 2928 8.
472 2864 528 2927 d.
576 2883 676 2928 vn
720 2865 797 2929 K.
848 2864 1019 2949 Sept.
1066 2866 1240 2949 veni,
1297 2886 1443 2929 cum
1496 2865 1742 2930 interea
1787 2865 2233 2949 superioribus
2281 2866 2408 2929 die-

369 2952 491 3015 bus
539 2974 617 3015 ex
662 2974 709 3016 s,
758 2975 806 3017 8.
855 2957 919 3017 et
965 2957 1378 3017 evocatorum
1432 2954 1686 3017 firmam
1738 2975 2001 3017 manum
2047 2956 2115 3017 et
2159 2954 2406 3037 equita-

367 3044 509 3104 tum
557 3062 705 3104 sane
751 3040 1055 3105 idoneum
1101 3045 1165 3104 et
1214 3040 1604 3125 populorum
1648 3042 2000 3105 liberorum
2046 3063 2117 3104 re
2283 3063 2406 3124 que
2431 3058 2476 3095 ³0

370 3128 691 3192 sociorum
754 3129 995 3192 auxilia
1047 3129 1415 3193 voluntaria
1473 3130 2022 3214 comparavissem.
2195 3130 2405 3212 terim,

369 3236 514 3279 cum
552 3216 837 3279 exercitu
873 3216 1147 3281 lustrato
1184 3217 1311 3281 iter
1345 3217 1416 3280 in
1454 3217 1746 3282 Ciliciam
1791 3218 1997 3280 facere
2035 3217 2406 3300 coepissem,

369 3302 447 3367 K.
497 3301 671 3387 Sept.
726 3304 926 3389 legati
972 3328 1011 3368 a
1055 3326 1206 3390 rege
1255 3303 1691 3392 Commageno
1747 3304 1827 3368 ad
1879 3326 1982 3368 me
2036 3304 2221 3368 missi
2265 3325 2406 3388 per-

367 3390 764 3455 tumultuose
819 3414 1027 3475 neque
1072 3396 1290 3456 tamen
1335 3415 1467 3456 non
1511 3416 1660 3458 vere
1705 3392 1982 3472 Parthos
2030 3392 2103 3456 in
2150 3391 2402 3477 Syriam

297 3492 330 3539 4
367 3476 673 3542 transisse
699 3480 1189 3565 nuntiaverunt3
1220 3502 1349 3564 quo
1379 3481 1600 3545 audito
1628 3482 2040 3598 vehementer
2067 3501 2212 3543 sum
2241 3502 2404 3544 com-
2429 3494 2476 3535 85
