2567 3884
328 202 455 267 160
863 246 868 251 .
1084 203 1599 257 EPISTULARUM

324 366 658 409 consumas
704 345 771 409 in
816 345 1104 409 virorum
1149 344 1420 408 fortium
1464 345 1651 409 factis
1695 345 2043 409 memoriae
2077 345 2351 429 proden-

324 434 446 519 dis,
502 434 901 497 considerare
963 433 1154 497 debes
1207 433 1376 496 nihil
1428 433 1553 497 tibi
1608 456 1742 497 esse
1798 433 2347 517 committendum,

322 544 516 606 quam
562 522 645 586 ob
691 544 829 587 rem
875 543 1115 605 eorum,
1162 542 1325 604 quos
1368 522 1607 605 laudaS,
1656 524 1723 585 te
1767 543 1899 584 non
1946 521 2349 584 simillimum

320 610 642 694 praebeas,
743 609 871 674 Sed
921 610 1079 673 haec
1133 609 1339 672 oratio
1398 610 1607 695 magis
1665 612 1831 673 esset
1890 613 2039 693 apta
2098 610 2179 672 ad
2234 610 2351 673 illa

321 702 629 784 tempora,
676 719 838 781 quae
883 697 1012 761 iam
1049 697 1363 783 effugisti3
1406 718 1579 761 nunc
1613 718 1767 761 vero
1802 701 2057 761 tantum
2093 700 2159 761 te
2192 720 2351 781 para
2377 715 2404 755 5

321 787 403 849 ad
445 786 604 851 haec
647 786 985 850 nobiscum
1031 785 1317 869 ferenda,
1366 786 1600 869 quibus
1647 806 1767 871 ego
1814 785 1870 848 si
1917 807 2109 869 quam
2152 785 2351 849 medi-

322 875 531 938 cinam
577 874 958 958 invenirem,
1014 873 1138 936 tibi
1184 895 1439 957 quoque
1486 874 1752 937 eandem
1797 874 2130 937 traderem.
2223 871 2350 937 Sed

322 967 418 1027 est
462 985 664 1026 unum
707 962 1077 1048 perfugium
1125 962 1416 1025 doctrina
1460 984 1536 1025 ac
1578 962 1857 1046 litterae,
1905 962 2139 1045 quibus
2190 982 2350 1025 sem-

321 1073 438 1134 per
465 1050 567 1114 usi
595 1072 831 1135 sumus»,
870 1071 1031 1133 quae
1069 1050 1363 1113 secundis
1400 1050 1591 1114 rebus
1630 1050 2118 1113 delectationem
2153 1050 2349 1114 modo

321 1138 559 1202 habere
603 1138 1012 1223 videbantur,
1067 1159 1239 1201 nunc
1281 1160 1436 1202 vero
1483 1138 1679 1202 etiam
1724 1138 2013 1202 salutem.
2106 1136 2232 1201 Sed
2275 1142 2349 1202 ut
2379 1158 2432 1197 ιο

322 1228 403 1290 ad
447 1225 708 1290 initium
762 1229 1071 1311 revertar,
1129 1248 1280 1289 cave
1329 1225 1608 1312 dubites,
1665 1226 1822 1311 quin
1869 1226 2084 1290 omnia
2132 1227 2208 1290 de
2254 1248 2350 1290 sa·

319 1315 455 1378 lute
502 1336 576 1378 ac
620 1314 830 1378 reditu
875 1317 990 1378 tuo
1035 1314 1321 1397 perfecta
1367 1314 1513 1379 sint.

1252 1541 1428 1606 XIII.

731 1663 846 1717 Ser.
886 1664 1094 1719 Romae
1129 1664 1208 1717 in.
1246 1681 1315 1719 m.
1356 1662 1501 1718 Sext.
1546 1682 1596 1718 a.
1638 1667 1751 1719 708
1793 1666 1930 1732 (46).

1029 1784 1283 1839 CICERO
1322 1786 1635 1841 LIGARIO.
2382 1806 2434 1847 15

256 1945 284 1992 1
458 1927 603 1993 Etsi
656 1928 773 1992 tali
828 1932 942 1992 tuo
997 1932 1286 2012 tempore
1342 1952 1445 1993 me
1500 1935 1611 1994 aut
1666 1929 2038 1994 consolandi
2092 1934 2202 1993 aut
2257 1930 2354 1994 iu-

323 2016 516 2080 vandi
561 2017 660 2081 tui
707 2038 894 2081 causa
941 2017 1218 2081 scribere
1265 2019 1347 2081 ad
1389 2022 1455 2081 te
1502 2019 1748 2102 aliquid
1781 2040 1900 2103 pro
1936 2022 2160 2082 nostra
2196 2018 2352 2081 ami-

326 2104 478 2168 citia
543 2105 911 2188 oportebat,
975 2109 1192 2168 tamen
1252 2106 1461 2169 adhuc
1513 2107 1582 2170 id
1638 2128 1770 2170 non
1830 2107 2133 2191 feceram,
2199 2107 2354 2190 quia

323 2214 530 2275 neque
582 2193 784 2256 lenire
828 2192 1094 2257 videbar
1149 2194 1437 2257 oratione
1491 2216 1699 2278 neque
1752 2193 1964 2260 levare
2008 2215 2195 2279 posse
2242 2195 2354 2259 do-

321 2279 528 2343 lorem
571 2283 771 2344 tuum.
861 2279 1094 2345 Postea
1128 2303 1282 2347 vero
1325 2304 1517 2365 quam
1560 2305 1862 2369 magnam
1898 2305 2077 2367 spem
2112 2282 2351 2347 habere
2382 2302 2436 2341 20

249 2399 254 2404 ·
326 2368 507 2451 coepi
552 2368 708 2452 fore,
753 2371 827 2431 ut
871 2372 936 2432 te
982 2368 1165 2433 brevi
1200 2374 1490 2453 tempore
1527 2370 1913 2436 incolumem
1949 2371 2351 2456 haberemuS,

325 2455 531 2519 facere
584 2477 716 2519 non
762 2456 974 2541 potui,
1031 2458 1188 2541 quin
1233 2458 1357 2521 tibi
1404 2463 1467 2522 et
1522 2460 1905 2523 sententiam
1950 2463 2015 2523 et
2058 2460 2353 2524 volunta-

256 2562 287 2609 2
325 2547 458 2607 tem
506 2544 891 2608 declararem
935 2567 1160 2609 meam.
1250 2545 1544 2610 Primum
1588 2548 1792 2634 igitur
1838 2548 2129 2633 scribam,
2177 2548 2354 2632 quod

325 2631 632 2717 intellego
681 2636 744 2696 et
788 2634 1124 2718 perspiciO,
1169 2655 1303 2698 non
1347 2636 1485 2698 fore
1530 2635 1599 2698 in
1643 2639 1708 2699 te
1758 2634 2091 2700 Caesarem
2137 2636 2352 2701 durio-

322 2742 485 2806 rem3
539 2743 689 2784 nam
735 2724 800 2784 et
845 2743 946 2785 res
992 2744 1139 2785 eum
1194 2722 1428 2786 cotidie
1474 2726 1538 2786 et
1586 2723 1719 2788 dies
1765 2728 1830 2787 et
1876 2724 2094 2808 opinio
2141 2725 2350 2788 homi-
2381 2744 2434 2784 25

321 2830 478 2872 num
525 2812 614 2892 et,
668 2812 743 2872 ut
787 2809 949 2873 mihi
994 2810 1275 2894 videtur,
1338 2811 1532 2874 etiam
1578 2833 1691 2876 sua
1736 2815 1967 2877 natura
2019 2812 2349 2876 mitiorem

322 2897 502 2981 facit3
558 2896 750 2980 idque
807 2918 951 2960 cum
999 2898 1075 2962 de
1130 2898 1396 2982 reliquis
1442 2900 1649 2963 sentio
1704 2903 1846 2964 tum
1903 2902 1979 2965 de
2033 2904 2098 2964 te
2154 2901 2352 2965 etiam

323 2984 513 3047 audio
560 3006 640 3048 ex
682 2984 1200 3049 familiarissimis
1239 2988 1391 3050 eiuS.
1483 2986 1731 3062 Quibus
1778 3010 1898 3075 ego
1946 3010 2025 3052 ex
2070 3010 2145 3053 eo
2190 2993 2355 3053 tem-

319 3093 494 3156 pore,
542 3093 669 3155 quo
714 3072 998 3155 primum
1044 3096 1123 3137 ex
1167 3072 1391 3138 Africa
1432 3076 1699 3139 nuntius
1744 3076 1939 3162 venit,
1987 3077 2352 3161 supplicare

320 3181 448 3222 una
493 3180 639 3223 cum
684 3160 993 3224 fratribus
1038 3162 1169 3225 tuis
1215 3184 1347 3226 non
1387 3164 1628 3249 destiti3
1676 3186 1951 3248 quorum
1989 3166 2249 3249 quidem
2286 3170 2351 3229 et
2379 3186 2430 3225 30

319 3248 559 3311 virtute
606 3251 669 3312 et
722 3248 961 3332 pietate
1008 3253 1072 3313 et
1127 3272 1343 3315 amore
1389 3252 1457 3314 in
1502 3255 1567 3315 te
1624 3253 1938 3339 singulari
1985 3258 2047 3317 et
2094 3254 2351 3318 assidua

321 3338 385 3397 et
429 3339 738 3419 perpetua
783 3358 935 3401 cura
979 3337 1204 3402 salutis
1250 3343 1399 3403 tuae
1443 3343 1697 3404 tantum
1743 3342 2097 3427 proficitur,
2144 3346 2218 3406 ut
2254 3343 2348 3406 ni-

317 3420 416 3484 hil
459 3423 570 3507 sit,
627 3425 801 3507 quod
856 3447 987 3489 non
1042 3425 1254 3509 ipsum
1304 3426 1637 3492 Caesarem
1681 3430 2081 3494 tributurum
2130 3431 2349 3495 existi-

248 3524 282 3573 3
319 3530 504 3574 mem.
572 3509 721 3597 Sed,
769 3512 823 3576 si
859 3513 1104 3577 tardius
1140 3516 1232 3600 fit,
1280 3537 1474 3599 quam
1509 3518 1826 3605 volumus,
1872 3518 2123 3605 magnis
2163 3540 2349 3584 occu-
