2567 3884
239 327 271 375 3
342 377 349 384 .

311 167 441 231 328
1068 169 1585 225 EPISTULARUM

443 310 718 376 Possum
754 311 975 397 igitur,
1023 313 1135 395 qui
1173 313 1384 375 omnis
1420 311 1738 376 voluerim
1778 313 2138 398 incolumis,
2185 336 2353 399 eum,

311 420 350 462 a
395 421 524 484 quo
569 400 639 462 id
684 400 1101 483 impetratum
1146 404 1272 485 est,
1319 401 1560 484 perisse
1605 422 1738 464 11011
1783 401 2157 488 indignari?
2203 424 2352 467 cum

308 488 690 570 praesertim
735 488 908 552 idem
951 488 1248 552 homines
1294 489 1393 552 illi
1440 493 1505 552 et
1550 489 1831 553 invidiae
1868 493 1934 553 et
1970 491 2171 555 exitio
2216 491 2351 554 fue-

310 575 458 638 rint.
552 577 570 605 *
583 576 894 640 Flecteris
939 577 1138 661 ergo',
1184 576 1515 661 inquiunt,
1562 577 1903 660 ‘quoniam
1947 577 2192 641 factum
2238 600 2349 643 no—

309 666 517 728 strum
554 664 921 747 improbare
957 664 1174 728 audes'
1178 715 1191 727 .
1284 662 1338 727 O
1377 665 1746 748 superbiam
1782 665 2139 730 inauditam
2187 666 2347 732 alios
2402 683 2429 724 5

308 751 379 814 in
432 753 717 816 facinore
770 751 1066 838 gloriari,
1125 752 1268 815 aliis
1323 775 1405 816 ne
1466 752 1681 816 dolere
1736 753 1995 836 quidem
2048 754 2349 838 inpunite

307 839 526 904 licere!
617 838 712 904 At
762 841 921 904 haec
976 840 1172 903 etiam
1231 841 1433 904 servis
1492 863 1744 924 semper
1799 841 2007 905 libera
2064 843 2347 926 fuerunt,

307 933 381 992 ut
420 927 744 1012 timerent,
787 928 1160 1014 gauderent,
1207 928 1499 992 dolerent
1534 950 1651 993 suo
1688 930 1907 1013 potius
1952 952 2146 1013 quam
2195 931 2349 994 alte-

309 1015 445 1080 rius
491 1015 790 1102 arbitrio3
847 1037 1010 1100 quae
1053 1037 1242 1100 nunc,
1290 1020 1364 1080 ut
1409 1017 1669 1100 quidem
1717 1018 1827 1081 isti
1874 1017 2193 1103 dictitant,
2243 1019 2349 1081 ‘li-

310 1104 583 1168 bertatis
619 1105 935 1168 auctores'
971 1108 1150 1168 metu
1186 1104 1377 1168 nobis
1415 1108 1798 1188 extorquere
1834 1109 2165 1170 conantur.
2220 1105 2348 1170 Sed
2374 1127 2425 1165 ιο

308 1191 476 1255 1111111
539 1197 772 1278 agunt3
837 1192 1078 1256 nullius
1143 1213 1450 1276 umquam
1513 1193 1786 1276 periculi
1843 1194 2205 1259 terroribus
2264 1195 2345 1258 ab

310 1280 528 1344 officio
584 1283 696 1345 aut
751 1279 832 1343 ab
887 1280 1291 1344 humanitate
1338 1280 1708 1366 desciscam3
1762 1303 2116 1366 numquam
2174 1283 2349 1346 enim

307 1367 646 1431 honestam
691 1371 969 1431 mortem
1014 1368 1405 1453 fugiendam,
1450 1391 1637 1453 saepe
1683 1369 1878 1433 etiam
1917 1371 2349 1454 oppetendam

305 1455 550 1539 putavi.
641 1454 768 1519 Sed
813 1455 971 1539 quid
1012 1456 1178 1520 mihi
1222 1461 1609 1540 suscensent,
1656 1457 1711 1520 si
1757 1457 1825 1520 id
1861 1461 2035 1542 opt0,
2082 1462 2158 1522 ut
2200 1480 2348 1542 pae-

307 1543 514 1606 niteat
558 1564 668 1606 eos
714 1543 815 1607 sui
859 1543 1059 1607 facti?
1108 1542 1315 1628 Cupio
1362 1545 1534 1608 enim
1574 1544 1861 1609 Caesaris
1896 1549 2174 1610 mortem
2214 1568 2347 1610 om·
2372 1563 2423 1603 15

306 1630 499 1694 nibus
546 1652 682 1695 esse
728 1632 1038 1695 acerbam.

440 1717 534 1781 At
582 1719 782 1784 debeo
828 1741 947 1802 pro
995 1718 1171 1783 civili
1195 1722 1400 1803 -parte
1448 1742 1584 1784 rem
1628 1743 1690 1804 p.
1736 1720 1902 1784 velle
1948 1721 2208 1785 salvam.
2268 1719 2348 1784 Id

309 1806 569 1889 quidem
623 1829 727 1870 me
783 1828 1040 1892 cupere,
1093 1808 1220 1870 nisi
1275 1811 1342 1871 et
1395 1812 1543 1872 ante
1598 1811 1741 1872 acta
1785 1809 1921 1872 vita
1976 1813 2040 1873 et
2095 1809 2347 1892 reliqua

307 1916 452 1958 mea
496 1917 640 1979 spes
686 1899 937 1959 tacente
981 1917 1085 1959 me
1130 1895 1392 1979 probat,
1439 1897 1707 1961 dicendo
1753 1897 2008 1961 vincere
2053 1918 2186 1961 non
2232 1918 2346 1980 po-

237 1999 268 2046 5
307 1983 496 2047 stulo.
589 1982 799 2059 Quare
860 1983 1172 2046 maiorem
1227 1984 1295 2046 in
1357 1983 1622 2048 modum
1685 1989 1751 2048 te
1814 2007 1975 2070 rogo
1984 2037 2001 2069 ,
2066 1988 2141 2048 ut
2204 2007 2343 2048 rem
2372 2004 2423 2044 20

230 3406 260 3453 7

303 2072 629 2155 potiorem
689 2071 980 2135 oratione
1041 2072 1232 2135 ducas
1291 2071 1611 2156 mihique,
1670 2072 1727 2136 si
1786 2073 1985 2136 sentis
2041 2073 2342 2156 expedire

306 2163 478 2223 recte
523 2159 684 2243 fieri,
731 2159 950 2224 credas
993 2159 1240 2222 nullam
1277 2161 1795 2224 communionem
1832 2182 1978 2224 cum
2024 2160 2342 2245 improbis

306 2267 442 2310 esse
487 2268 690 2330 posse.
781 2247 905 2332 An,
952 2247 1127 2331 quod
1171 2247 1540 2312 adulescens
1582 2249 1905 2333 praestiti,
1952 2269 2100 2312 cum
2146 2249 2342 2312 etiam

305 2355 518 2396 errare
574 2355 720 2398 cum
775 2336 1182 2399 excusatione
1236 2357 1517 2436 possem,
1572 2336 1640 2398 id
1691 2358 1864 2400 nunc
1908 2339 2117 2400 aetate
2163 2358 2341 2420 prae-

305 2421 571 2504 cipitata
609 2427 998 2488 commutem
1035 2444 1110 2487 ac
1152 2445 1255 2486 me
1301 2424 1440 2507 ipse
1485 2428 1771 2488 retexam
1786 2425 1820 2487 ‘1'
1909 2423 2063 2489 Non
2108 2425 2340 2488 faciam
2367 2441 2420 2482 25

303 2530 530 2593 neque,
577 2510 751 2593 quod
797 2510 1156 2595 displiceat,
1203 2511 1623 2596 committam,
1667 2515 2118 2596 praeterquam
2166 2511 2340 2596 quod

302 2597 586 2661 hominis
639 2599 803 2662 1111111
859 2599 1368 2663 coniunctissimi
1424 2621 1497 2664 ac
1541 2600 1668 2663 viri
1722 2600 2104 2684 amplissimi
2153 2601 2337 2664 doleo

301 2707 566 2771 gravem
626 2707 859 2770 casum.
952 2686 1195 2762 Quodsi
1249 2687 1439 2750 aliter
1494 2709 1697 2752 essem
1752 2688 2099 2772 animatus,
2158 2710 2338 2752 num-

303 2795 515 2859 quam,
563 2775 734 2858 (111οᾶ
780 2774 1082 2858 facerem,
1127 2796 1459 2860 negarem,
1504 2797 1585 2839 ne
1632 2779 1695 2839 et
1740 2776 1811 2838 in
1854 2739 2176 2859 peccan'do
2225 2776 2338 2839 im-

299 2863 546 2945 probus
583 2865 647 2925 et
683 2863 752 2925 in
791 2826 1251 2926 dissimulando
1288 2862 1556 2926 timidus
1588 2885 1661 2926 ac
1688 2885 1889 2928 vanus
1919 2864 2335 2928 existimarer.
2364 2882 2417 2921 30

433 2949 526 3014 At
567 2950 774 3034 ludos,
821 2972 981 3034 quos
1021 2949 1311 3014 Caesaris
1346 2951 1654 3015 victoriae
1693 2949 1926 3016 Caesar
1968 2951 2339 3016 adulescens

301 3037 472 3123 fecit,
521 3039 755 3103 curavi.
845 3037 939 3102 At
974 3038 1044 3101 id
1079 3038 1161 3102 ad
1204 3039 1533 3122 privatum
1570 3039 1877 3124 officium,
1921 3061 2055 3102 11011
2092 3040 2175 3103 ad
2216 3043 2339 3103 sta-

299 3127 443 3189 tum
497 3125 592 3190 rei
644 3149 705 3210 p.
759 3127 1068 3227 pertinet3
1129 3127 1305 3211 quod
1362 3130 1579 3191 tamen
1638 3149 1872 3191 munus
1932 3131 1997 3190 et
2054 3127 2338 3191 hominis

301 3213 674 3278 amicissimi
726 3215 1074 3278 memoriae
1120 3218 1314 3298 atque
1358 3214 1492 3278 hon
1496 3215 1717 3279 oribus
1770 3219 2097 3299 praestare
2144 3215 2338 3279 etiam

299 3302 541 3365 mortui
589 3301 782 3366 debui
820 3306 885 3366 et
923 3302 1203 3387 optimae
1241 3302 1379 3386 spei
1416 3303 1809 3367 adulescenti
1846 3324 1920 3366 ac
1958 3302 2337 3388 dignissimo
2363 3317 2415 3359 35

302 3387 570 3453 Caesare
612 3390 862 3474 petenti
897 3412 1133 3477 negare
1169 3411 1301 3454 non
1346 3391 1549 3472 potui.
1624 3389 1794 3455 Veni
1822 3391 2018 3454 etiam
2058 3391 2337 3455 consulis

298 3475 548 3541 Antoni
605 3478 866 3543 domum
923 3499 1110 3562 saepe
1165 3478 1487 3542 salutandi
1544 3499 1757 3564 causa3
1818 3479 1901 3542 ad
1946 3500 2166 3564 quem,
2226 3478 2338 3563 qui
