2567 3884
423 294 457 343 3

496 132 582 196 86
1247 128 1762 183 EPISTULARUM

625 272 777 339 Uno
829 276 897 337 te
949 271 1248 356 vicimus,
1314 272 1490 355 quod
1542 273 1621 336 de
1678 270 1997 355 Marcelli,
2057 270 2352 357 collegae
2415 271 2535 354 tui,

495 362 701 426 salute
744 361 937 444 paulo
984 364 1132 424 ante
1178 382 1372 444 quam
1415 365 1490 424 tu
1535 360 1982 446 cognovimuS,
2036 361 2236 423 etiam
2282 359 2536 423 meher-

496 451 637 514 cule
684 449 873 533 quod,
923 471 1117 549 quem
1160 450 1244 511 ad
1286 449 1552 512 modum
1597 470 1672 512 ea
1714 470 1817 511 res
1863 452 2181 548 ageretur,
2225 447 2534 511 vidimus

494 537 666 603 Nam
710 538 802 601 sic
845 538 948 600 fac
991 536 1338 620 existimes,
1380 540 1530 619 post
1571 536 1689 599 has
1732 536 2051 620 miseriae,
2095 535 2167 599 id
2208 539 2311 599 081
2357 540 2537 620 post-

496 649 691 709 quam
748 626 944 689 armis
1009 625 1353 709 disceptari
1406 629 1705 708 coeptum
1762 624 1849 687 sit
1909 624 1986 688 de
2044 624 2186 687 iure
2242 624 2537 708 publico,

495 714 662 778 nihil
720 736 856 777 esse
909 718 1126 777 actum
1179 713 1357 776 aliud
1411 734 1557 777 cum
1613 712 1944 798 dignitate.
2033 710 2208 776 Nam
2271 715 2337 775 et
2398 712 2535 796 ipse

498 800 730 866 Caesar
765 806 1058 866 accusata
1103 801 1500 865 acerbitate'
1545 799 1835 863 Marcelli
1872 797 1995 885 (sic
2030 800 2203 863 enim
2250 800 2536 883 appella-

496 888 637 978 bat)
690 890 1076 973 laudataque
1127 889 1776 953 honorificentissime
1822 892 1888 951 et
1932 889 2259 971 aequitate
2304 893 2439 952 tua
2471 892 2538 952 et

494 978 837 1063 prudentia
894 981 1156 1061 repente
1212 980 1469 1061 praeter
1524 999 1705 1061 spem
1765 975 1932 1040 dixit
1989 998 2057 1041 se
2114 977 2376 1040 senatui
2436 998 2536 1040 ro-

494 1067 679 1153 ganti
725 1066 801 1130 de
845 1064 1150 1130 Marcello
1196 1088 1276 1129 ne
1322 1064 1556 1129 ominis
1600 1064 1862 1148 quidem
1898 1085 2090 1129 causa
2120 1068 2567 1150 negaturum]

495 1154 762 1218 Fecerat
805 1157 1023 1217 autem
1065 1153 1192 1218 hoc
1234 1157 1510 1237 senatus,
1553 1157 1646 1237 ut,
1691 1174 1840 1217 cum
1882 1175 1921 1216 a
1964 1152 2036 1216 L.
2081 1152 2322 1217 Pisone
2357 1175 2536 1217 men-

496 1243 592 1306 tio
638 1245 804 1305 esset
848 1242 1019 1304 facta
1065 1242 1141 1305 de
1186 1240 1271 1305 M.
1319 1240 1655 1325 Marcelle,
1709 1244 1774 1305 et
1831 1239 1898 1305 C.
1944 1239 2292 1304 Marcellus
2336 1263 2410 1304 se
2459 1241 2538 1304 ad

500 1329 789 1392 Caesaris
844 1328 1039 1412 pedes
1096 1329 1464 1413 abiecisset,
1522 1333 1788 1393 cunctus
1847 1332 2263 1415 consurgeret
2326 1333 2396 1392 et
2459 1329 2538 1393 ad

500 1417 835 1481 Caesarem
889 1417 1159 1501 supplex
1204 1418 1545 1481 accederet.
1633 1416 1793 1481 Noli
1838 1438 2168 1501 quaerere;
2227 1418 2325 1480 ita
2368 1418 2537 1480 mihi

497 1505 765 1589 pulcher
807 1504 916 1569 hic
961 1506 1095 1569 dies
1139 1504 1315 1569 visus
1361 1509 1474 1590 est,
1519 1509 1594 1568 ut
1637 1504 1915 1588 speciem
1957 1505 2240 1588 aliquam
2276 1505 2567 1569 viderer:

498 1594 715 1657 videre
769 1593 953 1676 quasi
1012 1593 1450 1657 reviviscentis
1508 1593 1604 1656 rei
1660 1592 1973 1676 publicae.
2062 1591 2325 1677 Itaque,
2386 1614 2537 1657 cum

500 1703 721 1745 omnes
765 1686 914 1747 ante
959 1704 1062 1745 me
1108 1682 1322 1781 rogati
1365 1681 1607 1767 gratias
1655 1680 1912 1745 Caesari
1957 1682 2239 1766 egissent
2273 1686 2540 1765 praeter

498 1769 875 1834 Volcacium
921 1767 1007 1856 (is
1052 1770 1250 1854 enim,
1306 1769 1361 1832 si
1415 1791 1491 1833 00
1536 1770 1679 1833 1000
1726 1773 1924 1853 08801,
1981 1768 2246 1855 negavit
2292 1791 2363 1833 80
2411 1770 2539 1833 fac-

498 1863 719 1922 turum
782 1854 1040 1944 fuisse),
1095 1879 1215 1943 ego
1271 1861 1536 1943 rogatus
1590 1856 1839 1922 mutavi
1892 1879 2110 1921 meum
2167 1857 2536 1921 consilium.

497 1945 671 2011 Nam
713 1950 1065 2010 statueram
1118 1968 1249 2009 non
1307 1946 1669 2010 mehercule
1724 1945 1988 2030 inertia,
2045 1946 2158 2009 sed
2212 1946 2567 2009 desideriot

499 2034 809 2118 pristinae
865 2034 1200 2119 dignitatis
1254 2034 1324 2097 in
1376 2038 1760 2117 perpetuum
1817 2037 2044 2098 tacere.
2133 2032 2366 2135 Fregit
2409 2034 2540 2099 hoc

499 2143 715 2185 meum
769 2122 1109 2185 consilium
1163 2126 1228 2185 et
1285 2120 1572 2185 Caesaris
1629 2122 2010 2207 magnitudo
2064 2122 2266 2185 animi
2323 2126 2391 2185 et
2447 2144 2539 2186 80-

498 2212 688 2272 natus
734 2209 1047 2295 officium3
1090 2210 1309 2293 itaque
1352 2210 1647 2293 pluribus
1692 2210 1906 2273 verbis
1943 2210 2048 2295 egi
2087 2208 2350 2274 Caesari
2395 2234 2540 2296 gra-

499 2297 652 2381 1188,
705 2319 936 2380 11100110
989 2302 1209 2362 metuo
1263 2320 1345 2361 ne
1391 2297 1586 2362 etiam
1631 2298 1700 2361 in
1746 2297 1974 2361 ceteris
2018 2298 2211 2362 rebus
2258 2298 2538 2362 honesto

502 2384 639 2449 otio
684 2384 1012 2469 privarim,
1059 2386 1233 2469 quod
1278 2389 1417 2449 erat
1451 2408 1652 2449 unum
1688 2385 2000 2449 solacium
2035 2386 2105 2449 in
2141 2386 2351 2450 malis,
2411 2385 2567 2451 seda

500 2476 744 2556 tamen,
800 2472 1103 2555 quoniam
1163 2474 1362 2560 effugi
1407 2473 1545 2537 eius
1592 2474 2035 2558 offensionem,
2093 2473 2205 2557 qui
2262 2474 2540 2538 fortasse

501 2560 927 2624 arbitraretur
969 2582 1073 2625 me
1106 2561 1273 2624 hanc
1311 2584 1447 2625 rem
1481 2562 1808 2645 publicam
1843 2584 1975 2626 11011
2010 2565 2258 2646 putare,
2305 2562 2366 2625 si
2400 2584 2540 2647 per-

499 2653 696 2733 petuo
741 2652 1037 2732 tacerem,
1080 2649 1332 2713 modice
1375 2648 1502 2713 hoc
1544 2650 1776 2714 faciam
1812 2654 1924 2714 aut
1959 2650 2157 2714 etiam
2192 2651 2373 2715 intra
2408 2674 2539 2716 mo-

503 2738 683 2822 dum,
741 2739 816 2801 ut
872 2741 935 2800 et
988 2736 1164 2800 1111118
1224 2738 1547 2802 voluntati
1605 2742 1669 2801 et
1727 2738 1887 2802 meis
1947 2738 2179 2802 studiis
2239 2741 2536 2803 serviam.

499 2825 699 2909 Nam,
759 2824 881 2889 etsi
936 2848 973 2887 a
1025 2826 1236 2909 prima
1289 2830 1497 2890 aetate
1549 2848 1653 2890 me
1709 2826 1918 2889 omnis
1971 2848 2076 2890 ars
2120 2830 2187 2889 et
2243 2827 2567 2891 doctrina=

499 2913 788 2979 liberalis
834 2918 897 2977 et
941 2914 1220 2978 maxime
1263 2913 1677 2998 philosophia
1731 2914 2096 2997 delectavit,
2148 2918 2374 2979 tamen
2421 2916 2539 2980 hoc

502 3002 789 3066 studium
826 3002 1061 3067 cotidie
1097 3002 1504 3103 ingravescit,
1541 3002 1748 3085 cred0,
1795 3004 1860 3065 et
1897 2964 2125 3065 aetatis
2159 3004 2537 3067 maturitate

504 3089 587 3152 ad
628 3078 1038 3191 prudentiam
1074 3095 1140 3155 01
1176 3089 1257 3155 118
1302 3094 1668 3174 temporum
1705 3089 1901 3173 vitiis,
1946 3094 2021 3153 ut
2054 3090 2234 3153 nulla
2271 3112 2379 3155 res
2418 3092 2538 3155 alia

433 3194 465 3241 5
502 3177 717 3241 levare
764 3178 1049 3242 animum
1093 3179 1410 3243 molestiis
1454 3178 1675 3262 possit.
1766 3176 1829 3240 A
1875 3199 2004 3261 quo
2046 3178 2261 3241 studio
2309 3183 2380 3243 te
2438 3180 2538 3243 ab·

507 3263 653 3327 duci
698 3266 977 3364 negotiis
1029 3268 1338 3353 intellego
1395 3288 1473 3330 01
1517 3266 1647 3329 11118
1692 3265 1957 3351 litteris,
2003 3265 2118 3330 sed
2158 3269 2383 3331 tamen
2432 3268 2567 3331 ali-

508 3350 666 3433 quid
709 3351 840 3415 iam
883 3357 1105 3418 noctes
1149 3359 1215 3419 te
1260 3354 1670 3418 adjuvabunt.
1972 3378 1976 3384 ·

644 3435 903 3502 Servius
958 3445 1107 3505 tuus
1160 3442 1265 3506 vel
1318 3441 1534 3525 potius
1587 3444 1808 3505 noster
1861 3462 2112 3505 summa
2161 3463 2267 3506 me
2327 3444 2540 3508 obser-
