2567 3884
226 531 262 579 4

296 195 428 258 262
1043 194 1559 249 EPISTULARUM

299 343 514 402 autem
569 342 690 422 est,
745 339 869 402 hoc
913 339 1290 422 praesertim
1338 343 1653 421 tempore,
1708 359 1824 421 per
1869 341 1969 401 tot
2016 359 2219 401 annos
2266 359 2334 401 re

297 450 357 510 p.
406 427 726 510 divexata,
786 427 880 490 rei
933 450 993 510 p.
1041 427 1204 490 bene
1259 427 1575 512 gerendae
1633 447 1853 489 cursus
1914 426 1994 488 ad
2038 426 2333 512 gloriam.

429 514 607 578 Haec
653 536 868 578 amore
905 515 1111 600 magis
1149 515 1463 597 impulsus
1502 514 1837 577 scribenda
1873 514 1954 576 ad
1989 517 2055 577 te
2089 515 2335 598 putavi,

300 624 493 687 quam
554 624 680 687 quo
735 607 800 666 te
855 603 1204 666 arbitrarer
1260 602 1527 666 monitis
1583 606 1648 665 et
1705 602 2062 685 praeceptis
2118 624 2334 689 egere3

300 691 579 754 sciebam
624 691 796 754 enim
853 713 931 754 ex
985 691 1214 754 iisdem
1260 694 1326 754 te
1371 691 1529 755 haec
1571 690 1830 754 haurire
1876 690 2167 754 fontibus
2175 742 2192 774 ,
2255 712 2334 754 ex
2386 708 2412 748 5

301 780 535 862 quibus
590 779 726 862 ipse
780 778 1133 842 hauseram.
1226 778 1436 855 Quare
1492 779 1755 842 modum
1802 779 2049 841 faciam.
2141 778 2335 843 Nunc

298 871 554 931 tantum
607 867 1100 952 significandum
1153 868 1405 951 putavi,
1466 870 1539 930 ut
1592 867 1811 950 potius
1866 888 2151 930 amorem
2210 866 2335 930 tibi

301 956 703 1019 ostenderem
756 977 972 1018 meum
1030 976 1222 1037 quam
1279 958 1670 1018 ostentarem
1726 955 2150 1038 prudentiam.
2232 952 2337 1018 In-

298 1046 503 1127 terea,
569 1065 732 1126 quae
787 1042 868 1105 ad
924 1043 1308 1128 dignitatem
1353 1047 1532 1106 tuam
1579 1043 1901 1127 pertinere
1948 1043 2333 1126 arbitrabor,

298 1132 582 1195 studiose
631 1130 1101 1216 diligenterque
1149 1132 1403 1195 curabo.
2360 1149 2410 1188 10

1252 1357 1367 1424 IV.

493 1478 606 1532 Ser
645 1479 709 1532 in
749 1479 940 1535 Gallia
985 1481 1363 1549 Transalpina
1398 1497 1481 1535 ex.
1518 1497 1587 1534 m.
1628 1479 1763 1535 Dec.
1801 1497 1853 1534 a.
1895 1482 2005 1533 710
2043 1481 2178 1545 (44).

953 1601 1280 1657 PLANCUS
1320 1601 1676 1657 CICERONI.

438 1742 854 1808 Gratissimae
915 1746 1078 1810 mihi
1141 1750 1292 1809 tuae
1354 1746 1609 1809 litterae
1672 1746 1965 1829 fuerunt,
2032 1767 2189 1828 quas
2252 1767 2332 1808 ex

302 1831 502 1895 Furni
557 1854 850 1896 sermone
902 1836 969 1897 te
1016 1833 1344 1916 scripsisse
1390 1833 1830 1898 animadverti.
1921 1833 2067 1919 Ego
2114 1838 2331 1898 autem
2357 1853 2408 1890 15

300 1921 633 2004 praeteriti
681 1922 989 2005 temporis
1035 1922 1511 1985 excusationem
1557 1922 1802 2006 adfero,
1859 1922 2033 2005 quod
2078 1925 2141 1985 te
2186 1943 2331 2005 pro-

301 2010 542 2073 fectum
587 2010 914 2073 audieram
959 2031 1077 2073 nec
1120 2010 1329 2074 multo
1375 2013 1523 2074 ante
1568 2011 1806 2074 redisse
1842 2010 1975 2094 scii,
2023 2032 2216 2093 quam
2252 2031 2332 2073 ex

305 2098 582 2181 epistula
640 2101 752 2161 tua
811 2098 1102 2183 cognovi.
1219 2098 1494 2163 Nullum
1557 2099 1728 2161 enim
1789 2099 1857 2161 in
1919 2102 1984 2161 te
2045 2099 2333 2162 officium

300 2207 380 2248 ne
426 2186 768 2249 minimum
824 2186 1083 2270 quidem
1136 2186 1274 2249 >sine
1320 2187 1601 2250 maxima
1647 2186 1833 2269 culpa
1877 2186 2101 2250 videor
2144 2208 2331 2270 posse

301 2274 674 2357 praeterire,
732 2274 801 2337 in
862 2296 988 2358 quo
1049 2274 1288 2338 tuendo
1342 2275 1550 2338 habeo
1607 2295 1825 2338 causas
1870 2275 2181 2358 plurimas
2226 2274 2331 2338 vel
2359 2291 2410 2331 20

300 2365 604 2444 paternae
640 2362 1127 2425 necessitudinis
1163 2362 1267 2426 vel
1303 2385 1481 2426 meae
1509 2385 1546 2425 a
1572 2363 1851 2447 pueritia
1889 2363 2331 2447 opservantiae

301 2449 404 2512 vel
447 2449 545 2511 tui
591 2471 744 2535 erga
779 2472 882 2513 me
918 2451 1130 2514 mutui
1166 2451 1419 2514 amoris,
1467 2450 1693 2534 Quare,
1738 2451 1829 2514 mi
1869 2449 2111 2534 Cicer0,
2158 2450 2332 2534 quod

301 2558 443 2599 mea
486 2539 724 2621 tuaque
769 2538 1015 2621 patitur
1060 2542 1249 2623 aetaS,
1296 2539 1605 2623 persuade
1651 2538 1774 2603 tibi
1819 2541 1886 2602 te
1931 2560 2133 2602 unum
2179 2559 2331 2622 esse,

301 2625 369 2687 in
416 2647 543 2708 quo
591 2647 624 2688 e
675 2647 711 2688 o
760 2626 1025 2690 colendo
1080 2627 1357 2709 patriam
1402 2627 1564 2690 mihi
1612 2626 2056 2691 constituerim
2103 2627 2332 2690 sancti-

300 2716 515 2776 tatem.
683 2714 859 2777 mnia
931 2715 1134 2799 igitur
1196 2718 1310 2777 tua
1375 2715 1641 2778 consilia
1702 2714 1866 2778 mihi
1929 2736 2061 2778 non
2124 2714 2331 2801 magis
2358 2731 2408 2770 25

299 2801 676 2885 prudentiae
712 2802 919 2885 plena,
967 2823 1128 2886 quae
1166 2824 1417 2866 summa
1454 2806 1567 2887 est,
1613 2802 1914 2866 videntur
1951 2825 2144 2886 quam
2180 2803 2331 2866 fide-

299 2889 528 2973 litatis,
590 2910 783 2972 quam
837 2910 958 2975 ego
1005 2911 1084 2953 ex
1139 2912 1282 2954 mea
1330 2891 1718 2954 conscientia
1762 2891 2011 2955 metior.
2106 2889 2331 2973 Quare,

301 2977 356 3040 si
411 2980 522 3040 aut
577 2978 766 3041 aliter
818 2977 1150 3063 sentirem,
1211 2981 1381 3042 certe
1428 2979 1783 3042 admonitio
1829 2982 1941 3042 tua
1986 3000 2089 3042 me
2136 2978 2333 3063 repri-

300 3087 474 3128 mere
521 3069 657 3149 aut,
704 3066 759 3129 si
809 3065 1195 3150 dubitarem,
1254 3067 1540 3131 hortatio
1587 3066 1916 3152 impellere
1961 3070 2205 3151 posset,
2260 3068 2333 3129 ut

300 3152 369 3216 id
405 3174 719 3238 sequerer,
767 3153 942 3236 quod
976 3157 1047 3216 tu
1088 3154 1407 3238 optimum
1441 3160 1732 3240 putares3
1776 3176 1949 3218 nunc
1983 3176 2137 3219 vero
2176 3154 2334 3238 quid
2360 3173 2409 3210 ³0

301 3244 423 3324 est,
472 3242 646 3325 quod
690 3263 792 3304 me
840 3241 908 3305 in
955 3242 1147 3306 aliam
1193 3247 1445 3326 partem
1490 3243 1746 3307 trahere
1790 3242 2040 3327 possit?
2133 3241 2333 3318 Quae-

302 3349 572 3411 cumque
629 3330 696 3392 in
750 3351 853 3392 me
909 3329 1079 3393 bona
1135 3335 1284 3394 sunt
1342 3335 1453 3394 aut
1506 3332 1802 3395 fortunae
1862 3330 2175 3395 beneficio
2222 3329 2333 3393 tri-

301 3415 459 3478 buta
505 3419 616 3479 aut
661 3438 804 3480 meo
849 3417 1073 3481 labore
1119 3421 1330 3502 parta,
1378 3419 1496 3482 etsi
1544 3441 1582 3482 a
1627 3422 1692 3482 te
1738 3423 2003 3503 propter
2048 3440 2334 3483 amorem

301 3503 508 3566 carius
563 3507 711 3567 sunt
766 3505 1128 3589 aestimata,
1187 3509 1405 3569 tamen
1459 3507 1563 3570 vel
1615 3507 2047 3570 inimicissimi
2093 3507 2333 3571 iudicio
