2567 3884
968 188 1185 241 LIBER
1219 188 1246 241 1
1286 194 1332 257 7,
1373 195 1422 243 6.
2134 189 2215 253 13

178 330 424 395 litteris
480 330 779 395 omnibus
834 353 873 393 a
926 332 1205 415 pueritia
1259 332 1512 397 deditus
1571 331 1954 417 experiendo
1999 335 2217 397 tamen

179 420 397 505 magis
444 441 635 503 quam
682 419 980 483 discendo
1028 421 1328 507 cognovi,
1385 425 1458 485 tu
1512 421 1642 485 tuis
1697 420 1891 484 rebus
1944 420 2217 506 integris

182 508 412 591 (116666,
457 530 664 591 neque
710 508 935 571 salutis
978 512 1233 572 nostrae
1270 509 1587 572 rationem
1631 508 1992 573 habendam
2026 510 2217 573 nobis

184 618 325 661 esse
374 596 511 660 sine
558 596 872 682 dignitate
915 618 1123 680 neque
1170 596 1506 683 dignitatis
1551 597 1687 661 sine
1733 596 1954 661 salute.

123 701 155 741 ⁵
325 683 514 761 Quod
538 684 701 747 mihi
729 684 807 747 de
842 684 979 748 filia
1006 688 1070 748 et
1108 684 1183 749 de
1214 684 1586 769 Crassipede
1622 684 1985 771 gratulariS,
2022 706 2217 771 agno-
2258 701 2321 750 11

50 814 61 825 -
187 793 298 837 sco
344 772 813 838 humanitatem
864 776 1045 837 tuam
1104 795 1417 858 speroque
1477 776 1542 837 et
1600 777 1754 858 opto
1809 771 2000 838 nobis
2050 774 2218 837 hanc

181 860 709 925 coniunctionem
744 861 1066 945 voluptati
1110 862 1265 925 fore.
1356 860 1702 925 Lentulum
1737 865 2050 945 nostrum,
2087 862 2217 925 exi—

182 949 321 1013 mia
384 971 497 1033 spe
556 971 839 1013 summae
896 949 1157 1013 virtutis
1216 950 1714 1036 adulescentem,
1778 972 1926 1014 cum
1988 950 2217 1015 ceteris

183 1038 467 1122 artibuS,
524 1038 759 1121 quibus
816 1037 1121 1103 studuisti
1174 1060 1427 1122 semper
1469 1038 1631 1123 ipse,
1690 1042 1831 1101 tum
1877 1038 1947 1102 in
1988 1038 2218 1123 primis

100 1144 156 1182 10
190 1126 559 1190 imitatione
612 1126 709 1189 tui
756 1126 857 1192 fac
901 1126 1179 1211 erudias3
1235 1127 1417 1189 nulla
1461 1126 1634 1189 enim
1691 1126 1814 1189 erit
1865 1126 1988 1191 hac
2040 1148 2218 1226 prae-

184 1214 470 1278 stantior
506 1213 857 1298 disciplina.
951 1213 1154 1315 Quem
1191 1236 1329 1299 nos,
1377 1218 1440 1278 et
1479 1215 1630 1298 quia
1667 1217 1816 1278 tuus
1854 1218 1918 1278 et
1961 1215 2116 1297 quia
2151 1218 2216 1278 te

180 1302 425 1389 dignus
472 1306 566 1365 est
610 1303 783 1366 filius
830 1306 894 1366 et
941 1303 1092 1386 quia
1135 1325 1255 1367 nos
1301 1266 1516 1389 diligit
1561 1324 1935 1387 semperque
1973 1302 2216 1387 dilexit,

141 1391 257 1454 in
301 1390 531 1475 primis
575 1412 861 1455 amamus
907 1412 1250 1475 carumque
1295 1391 1622 1456 habemus.

1112 1635 1289 1701 VIII.

97 1778 152 1819 15
557 1758 670 1814 Ser.
710 1759 917 1814 Romae
953 1776 1128 1814 mense
1164 1759 1440 1815 Ianuario
1468 1776 1520 1813 α.
1561 1762 1672 1813 699
1711 1736 1850 1826 (55)ss

441 1881 526 1935 M.
570 1880 857 1937 CICERO
902 1881 957 1937 S.
996 1882 1072 1936 D.
1111 1882 1178 1937 P.
1216 1880 1607 1937 LENTULO
1652 1878 1960 1936 PROGOS.

323 2007 423 2071 De
470 2008 769 2072 omnibus
814 2007 1022 2092 1611116,
1070 2029 1232 2091 quae
1278 2007 1359 2070 ad
1403 2010 1468 2071 te
1513 2006 1868 2090 pertinent,
1917 2004 2073 2088 quid
2117 2026 2214 2069 ac-
2254 2022 2284 2070 1

180 2101 357 2179 tum,
417 2096 572 2179 quid
618 2096 1040 2160 constitutum
1086 2096 1196 2179 sit,
1257 2096 1415 2178 quid
1457 2094 1803 2177 Pompeius
1849 2094 2215 2178 susceperit,

180 2184 435 2269 optime
472 2206 552 2247 ex
586 2183 671 2247 M.
709 2184 1033 2248 Plaetorio
1072 2205 1433 2269 cognosceS,
1471 2183 1583 2267 qui
1618 2204 1750 2246 non
1785 2183 1996 2246 solum
2023 2180 2218 2247 inter-

100 2292 155 2331 20
184 2273 317 2336 fuit
361 2272 445 2336 iis
490 2273 697 2356 1611116,
745 2271 856 2336 66(1
900 2272 1094 2337 etiam
1130 2271 1410 2355 praefuit
1444 2292 1651 2354 neque
1687 2270 1893 2334 ullum
1930 2270 2216 2335 officium

185 2383 349 2447 erga
390 2362 457 2424 te
500 2360 783 2425 hominis
829 2360 1268 2443 amantissimi,
1314 2359 1817 2443 prudentissimi,
1863 2358 2216 2443 diligentis-

183 2448 340 2513 simi
401 2448 851 2532 praetermisit.
962 2448 1067 2512 Ex
1130 2448 1354 2512 eodem
1418 2448 1495 2511 de
1557 2451 1697 2511 toto
1763 2450 1936 2511 statu
1997 2468 2212 2509 rerum

180 2537 629 2601 communium
682 2558 1042 2623 cognosces.
1135 2535 1311 2612 Quae
1367 2536 1586 2620 quales
1643 2535 1797 2619 sint,
1851 2557 1984 2599 non
2026 2534 2213 2598 facile

184 2629 287 2689 est
334 2625 628 2689 scribere.
721 2624 886 2689 Sunt
931 2624 1189 2710 quidem
1236 2629 1406 2689 certe
1456 2624 1525 2687 in
1569 2624 1922 2688 amicorum
1965 2626 2214 2686 nostro-

102 2730 155 2771 25
182 2736 337 2777 -rum
381 2715 722 2798 potestate,
778 2717 970 2797 atque
1015 2714 1131 2797 ita,
1191 2716 1263 2776 ut
1317 2712 1562 2776 nullam
1605 2712 2032 2778 mutationem
2076 2732 2212 2773 um-

187 2824 385 2885 quam
429 2801 551 2865 1166
593 2800 931 2866 hominum
977 2806 1182 2866 aetate
1226 2801 1530 2865 habitura
1575 2822 1676 2865 res
1722 2822 1856 2864 esse
1899 2799 2210 2863 videatur.

184 2890 335 2976 Ego
382 2890 657 2974 quidem,
703 2894 777 2953 ut
823 2890 1041 2975 debeo,
1087 2894 1150 2954 et
1196 2893 1269 2953 ut
1312 2893 1453 2953 tute
1496 2890 1660 2953 mihi
1703 2886 2101 2972 praecepisti,
2147 2890 2211 2950 et
2247 2902 2279 2951 2

184 2982 259 3041 ut
318 3000 425 3041 me
482 2978 687 3062 pietas
746 2979 1119 3080 utilitasque
1180 2978 1380 3064 cogit,
1443 3000 1547 3042 me
1605 2977 1687 3040 ad
1741 2976 1876 3039 eius
1930 2974 2210 3038 rationes

184 3066 498 3152 adiungo,
556 3088 748 3149 quem
801 3070 875 3131 tu
920 3068 988 3131 in
1031 3066 1193 3131 meis
1237 3066 1598 3130 rationibus
1641 3064 1766 3128 tibi
1811 3084 1945 3127 esse
1993 3062 2212 3126 adiun-

102 3172 158 3212 30
183 3154 469 3240 gendum
496 3156 765 3255 putasti3
810 3156 921 3219 sed
964 3158 1029 3219 te
1064 3177 1195 3219 non
1229 3154 1553 3238 praeterit,
1599 3175 1792 3236 quam
1813 3151 1913 3214 sit
1949 3150 2210 3214 difficile

186 3264 447 3307 sensum
490 3243 562 3307 in
607 3265 675 3307 re
719 3243 1003 3328 publica,
1056 3242 1433 3343 praesertim
1479 3245 1724 3307 rectum
1770 3243 1834 3303 et
1880 3240 2211 3304 confirma-

104 3368 110 3377 ·
183 3334 355 3417 tum,
411 3332 745 3415 deponere.
834 3331 1079 3396 Verum
1130 3335 1349 3395 tamen
1399 3331 1537 3413 ipse
1590 3352 1693 3394 me
1753 3328 2084 3393 conformo
2130 3328 2211 3392 ad

183 3420 323 3485 eius
370 3420 789 3504 voluntatem,
836 3443 873 3483 a
918 3442 1045 3504 quo
1086 3419 1354 3483 honeste
1391 3419 1726 3483 dissentire
1762 3438 1894 3481 non
1928 3438 2208 3501 possum,

180 3530 392 3594 neque
438 3508 508 3572 id
552 3508 746 3593 facio,
794 3512 865 3572 ut
910 3508 1182 3573 forsitan
1228 3507 1612 3591 quibusdam
1657 3505 1899 3593 videar,
1955 3504 2210 3571 simula-
