2567 3884
1023 218 1238 271 LIBER,
1274 219 1403 273 VIII
1440 224 1489 274 8.
2129 224 2261 288 213

335 360 493 425 Item
535 362 779 425 senatui
818 360 1068 463 plaeere
1120 364 1194 427 de
1235 362 1561 441 militibus,
1614 364 1725 444 qui
1766 364 1839 428 in
1883 366 2146 429 exercitu
2196 342 2261 431 C'.
2302 386 2332 434 7

250 419 539 513 Caesaris
591 454 760 528 sunt,
813 450 922 531 qui
967 470 1175 515 eorum
1219 451 1530 532 stipendia
1572 452 1827 515 emerita
1870 458 1983 517 aut
2023 474 2261 533 causas,

243 536 465 618 quibus
509 537 582 601 de
625 538 830 602 causis
883 538 1062 603 missi
1111 539 1252 620 fieri
1297 538 1571 617 debeant,
1626 539 1915 618 habeant,
1974 542 2061 606 ad
2102 543 2265 607 hune

245 626 522 690 ordinem
572 626 819 706 referri,
872 631 946 690 ut
994 646 1204 691 eorum
1245 627 1411 690 ratio
1454 627 1751 691 habeatur
1794 648 2129 710 causaeque
2172 650 2263 694 oo-

185 730 213 771 5
238 718 630 795 qnosoantwr.
721 712 796 779 Si
831 715 970 795 quis
1013 714 1158 778 huie
1191 734 1239 779 3.
1275 736 1323 779 6.
1359 716 1804 795 intercessisset,
1850 719 2093 781 senatui
2115 718 2263 800 pla-

243 822 372 867 eere
425 802 846 867 auctoritatem
885 802 1191 884 perscribi
1244 808 1305 867 et
1344 805 1418 868 de
1462 824 1536 867 ea
1577 824 1645 868 re
1675 825 1744 886 p.
1787 825 1842 886 q.
1890 810 1927 869 t.
1974 806 2063 870 ad
2102 807 2265 871 huno

245 890 524 1056 olrdinem
579 891 816 971 referri.
905 890 1078 955 Huic
1133 909 1181 955 s.
1237 911 1283 955 6.
1342 892 1683 956 intercessit
1742 890 1806 956 0.
1859 891 2130 971 Caeliae,
2197 892 2261 958 G.

309 997 471 1041 ansa
541 983 613 1042 tr.
647 978 740 1060 pl.

378 1027 650 1147 Itemque
701 1066 946 1131 senatui
985 1066 1232 1148 plaeere
1284 1067 1359 1131 in
1408 1064 1695 1133 Ciliciam
1728 1069 2146 1150 provinciam,
2190 1071 2263 1135 in
2299 1089 2333 1137 8

163 1172 220 1211 10
257 1178 370 1219 vm
433 1154 706 1237 reliquas
763 1156 1153 1236 provincias,
1225 1174 1383 1236 quas
1440 1158 1748 1237 praetorii
1804 1178 1927 1238 pro
1976 1162 2265 1239 praetore

247 1245 608 1326 optinerent,
661 1262 784 1322 eos,
838 1244 948 1325 qui
987 1247 1307 1325 praetores
1353 1245 1612 1326 fuerunt
1660 1266 1850 1326 neque
1892 1246 1963 1310 in
2011 1246 2264 1327 provin-
2344 1283 2349 1287 ·

247 1333 348 1397 oia
403 1352 541 1395 cwm
576 1331 861 1432 ‘imperio
925 1332 1208 1413 fuerunt,
1275 1352 1426 1413 quos
1501 1353 1711 1397 eorum
1780 1354 1855 1398 ex
1914 1353 1963 1397 3.
2017 1354 2064 1397 6.
2126 1354 2265 1399 eum

247 1420 508 1502 imperio
559 1420 632 1483 in
673 1420 1036 1501 provincias
1077 1440 1199 1501 pro
1241 1425 1529 1501 praetore
1580 1422 1745 1485 mitti
1797 1427 2110 1503 oporteret,
2166 1442 2265 1487 eos

245 1509 457 1573 sortito
516 1507 590 1571 in
637 1508 1000 1589 provincias
1062 1509 1225 1572 mitti
1272 1508 1551 1609 plaeere;
1614 1510 1674 1573 si
1734 1530 1809 1574 ex
1868 1531 1936 1575 eo
1995 1531 2266 1594 numero,

171 1613 222 1653 15
249 1617 399 1679 quos
451 1616 525 1661 ex
576 1615 624 1660 3.
671 1616 718 1661 6.
761 1598 834 1661 in
873 1597 1236 1678 provincias
1286 1598 1381 1661 ire
1434 1602 1749 1679 oporteret,
1804 1599 1892 1663 ad
1938 1618 2267 1663 numerum

247 1706 373 1750 non
417 1689 633 1762 essent,
678 1685 789 1765 qui
838 1685 910 1747 in
955 1704 1059 1749 eas
1099 1685 1463 1766 provincias
1503 1686 2058 1767 proficiscerentm‘,
2117 1692 2265 1765 tuan,

247 1775 342 1837 uti
384 1774 658 1873 quodque
715 1772 1050 1855 eonleyium
1092 1774 1378 1853 primum
1408 1778 1773 1855 praetorum
1810 1776 2036 1856 fuisset
2074 1796 2267 1856 neque

248 1862 319 1925 in
350 1862 711 1943 provincias
744 1862 1007 1942 profecti
1051 1866 1260 1939 essent,
1305 1862 1400 1924 ita
1432 1866 1591 1925 sorte
1624 1863 1697 1925 in
1728 1863 2091 1944 provincias
2114 1884 2265 1944 pro-

246 1950 689 2032 ficiscerentur;
743 1950 802 2013 si
853 1950 907 2012 ii
959 1949 1046 2013 ad
1095 1970 1422 2013 numerum
1463 1970 1590 2015 non
1642 1955 1859 2029 essent,
1920 1954 2051 2013 tum
2094 1952 2265 2015 dein-

171 2056 224 2095 20
251 2057 384 2119 ceps
417 2038 699 2119 proximi
741 2038 1030 2118 cuiusque
1073 2036 1309 2119 eolleyii
1350 2038 1459 2119 qui
1498 2043 1816 2119 praetores
1854 2039 2125 2119 fuissent
2164 2060 2267 2103 ne-

250 2146 364 2207 que
407 2127 478 2189 in
520 2126 880 2207 provincias
919 2125 1185 2207 profecti
1228 2130 1446 2203 essent,
1500 2127 1572 2191 in
1616 2131 1837 2191 sortem
1881 2126 2264 2204 coicerentur,

251 2214 455 2295 quoad
502 2214 561 2277 is
611 2232 905 2277 numerus
957 2214 1201 2295 effeetus
1245 2219 1420 2292 esset,
1478 2235 1655 2296 quem
1700 2215 1787 2278 ad
1826 2234 2153 2279 numerum
2194 2216 2265 2279 in

241 2302 598 2383 provincias
649 2302 814 2366 mitti
866 2306 1170 2382 oporteret.
1279 2300 1356 2365 Si
1407 2303 1547 2383 quis
1596 2302 1741 2367 huie
1790 2321 1839 2367 s.
1886 2323 1934 2367 o.
1985 2304 2267 2367 interces-

252 2390 454 2467 sisset,
513 2391 845 2454 wuotoritas
889 2390 1383 2472 perscriberem.
1487 2390 1661 2454 Huic
1715 2409 1765 2455 s.
1824 2411 1871 2455 6.
1930 2392 2271 2456 intercessit

174 2494 227 2535 25
259 2476 324 2542 0.
376 2474 644 2556 Caelius,
695 2476 760 2542 0.
808 2477 1055 2556 Pansa,
1103 2483 1174 2542 tr.
1208 2477 1303 2560 pl.

383 2562 506 2628 ma
547 2568 874 2648 praeterea
921 2563 1031 2629 Cn.
1076 2565 1346 2650 Pompei
1392 2569 1540 2629 sunt
1594 2566 2056 2651 animadversa,
2104 2588 2264 2651 quae
2304 2586 2334 2633 9

253 2652 529 2720 maxime
575 2653 1024 2717 confidentiam
1077 2654 1431 2718 attulerunt
1475 2653 1865 2739 hominibus,
1909 2658 1983 2718 ut
2029 2655 2267 2718 diceret

254 2762 320 2805 36
366 2744 512 2804 ante
571 2740 649 2804 Κ.
695 2740 960 2805 Martias
1011 2763 1142 2806 non
1194 2763 1382 2826 posse
1428 2742 1563 2806 31116
1608 2742 1844 2806 iniuria
1889 2743 1967 2806 de
2010 2742 2267 2827 provin-

254 2828 368 2893 ciis
416 2827 703 2894 Caesaris
747 2832 1052 2915 statuere,
1102 2834 1249 2914 post
1296 2830 1373 2894 K.
1419 2830 1685 2894 Martias
1732 2853 1798 2894 36
1840 2852 1972 2894 11011
2019 2830 2268 2893 dubita-

173 2938 226 2977 80
252 2921 486 2981 turum.
579 2915 743 2980 Cum
787 2917 1307 3017 interrogaretur,
1353 2917 1409 2982 si
1452 2912 1565 3002 qui
1608 2922 1748 2982 tum
1785 2919 2266 3003 intercederent,

253 3004 416 3070 dixit
450 3005 576 3071 1106
609 3004 776 3069 1111111
812 3005 1132 3091 interesse,
1177 3010 1397 3070 utrum
1436 3004 1503 3069 O.
1535 3004 1765 3071 Caesar
1808 3006 2056 3070 senatui
2095 3006 2267 3069 dicto

251 3094 514 3159 audiens
558 3095 814 3158 futurus
847 3115 978 3158 non
1017 3098 1182 3159 esset
1226 3118 1308 3159 an
1352 3098 1624 3179 pararet,
1671 3095 1783 3178 qui
1828 3098 2118 3158 senatum
2166 3095 2269 3157 de-

251 3204 504 3247 cernere
561 3204 693 3247 non
749 3186 1091 3267 pateretur.
1197 3182 1469 3267 Quid,
1484 3182 1597 3267 31,
1657 3183 1869 3267 inquit
1926 3182 2115 3267 alius,
2178 3183 2269 3245 et

250 3271 471 3335 consul
515 3292 649 3335 6336
695 3274 758 3335 et
803 3271 1155 3335 exereitum
1197 3271 1435 3335 habere
1470 3271 1719 3335 volet?'
1783 3270 1875 3334 At
1919 3271 2028 3334 1116
2074 3292 2266 3353 quam

159 3377 219 3419 35
250 3358 616 3424 elementer.
665 3358 882 3443 Quid,
928 3359 984 3423 31
1027 3359 1200 3423 filius
1243 3380 1425 3423 meus
1461 3360 1697 3423 fustem
1732 3358 1896 3423 mihi
1931 3358 2266 3444 inpingere

247 3448 495 3512 volet?
540 3446 662 3510 Η13
707 3447 990 3533 1106111113,
1034 3452 1108 3511 ut
1154 3447 1594 3511 existimarent
1628 3447 1921 3512 homines
1956 3446 2265 3532 Pompeio

249 3556 394 3599 611111
441 3534 706 3599 Caesare
761 3557 895 3600 esse
947 3535 1308 3623 negotium,
1368 3536 1593 3600 effecit.
1700 3534 1927 3621 Itaque
1986 3536 2140 3622 iam,
2193 3541 2268 3600 ut
