2567 3884
312 140 444 205 392
1014 140 1533 195 EPISTULARUM

312 304 447 347 esse
503 283 745 368 omnia,
803 284 1012 348 multo
1066 305 1220 348 vero
1275 284 1465 367 plura
1519 287 1584 348 et
1637 284 1886 347 maiora
1939 283 2186 349 fecisse.
2284 282 2366 347 Id

311 371 515 456 igitur
568 370 757 457 (puto
812 372 987 436 enim
1042 372 1236 436 etiam
1293 376 1485 456 atque
1541 371 1737 435 etiam
1796 372 1959 435 mihi
2009 373 2360 436 dicendum

311 457 476 545 esse)
514 461 711 525 velim
748 460 1075 524 existimes
1110 460 1274 523 mihi
1302 464 1367 523 te
1395 460 1621 525 fecisse
1648 460 2108 546 gratissimum.
2161 459 2363 537 Quod

310 547 569 630 quidem
633 548 759 611 hoc
815 548 1175 612 vementius
1236 548 1470 633 laetor,
1535 547 1711 631 quod
1773 570 1853 611 ex
1916 548 2058 631 ipso
2123 548 2362 613 Mesci-

309 635 419 698 m'o
464 639 530 700 te
574 636 762 700 video
816 658 1118 722 magnam
1165 639 1504 719 capturum
1549 636 1976 721 voluptatem3
2031 641 2131 700 est
2177 636 2360 701 enim
2411 654 2436 693 ⁵
2531 642 2533 659 '

308 723 379 786 in
416 745 491 787 eo
530 745 677 788 cum
713 724 921 788 virtus
958 727 1023 787 et
1058 724 1352 807 probitas
1389 727 1454 788 et
1489 745 1813 787 summum
1851 724 2145 789 officium
2183 747 2360 789 sum—

307 833 540 895 maque
580 812 986 898 opservantia
1021 815 1164 876 tum
1200 812 1414 876 studia
1450 812 1564 875 illa
1600 815 1838 896 nostra,
1885 812 2124 895 quibus
2163 816 2358 877 antea

310 900 816 985 delectabamur,
888 922 1061 964 nunc
1123 901 1320 965 etiam
1383 900 1677 964 vivimus.
1769 899 1959 976 Quod
2021 901 2354 986 reliquum

310 992 423 1073 est,
471 989 667 1053 velim
712 1010 947 1074 augeas
991 991 1105 1052 tua
1140 989 1210 1052 in
1246 1010 1394 1053 eum
1439 988 1753 1052 beneficia
1788 988 2089 1053 omnibus
2136 990 2353 1074 rebus,

309 1098 472 1160 quae
535 1080 601 1140 te
665 1079 853 1141 erunt
908 1077 1166 1163 dignae3
1230 1077 1343 1140 sed
1401 1076 1555 1161 duo,
1619 1098 1782 1159 quae
1835 1079 1902 1140 te
1960 1077 2352 1141 nominatim
2380 1095 2430 1135 1⁰

308 1186 490 1251 rog0,
543 1164 829 1248 primum
874 1168 965 1249 ut,
1011 1165 1068 1228 si
1112 1165 1269 1248 quid
1315 1165 1470 1228 satis
1518 1165 1797 1228 dandum
1844 1164 1968 1228 erit
2014 1165 2350 1230 ‘AMPLIUS

308 1269 400 1317 ΕΟ
447 1269 719 1317 NOMINE
766 1270 913 1318 NON
958 1254 1166 1337 PETI',
1214 1274 1413 1337 cures,
1460 1256 1534 1317 ut
1579 1253 1735 1316 satis
1772 1252 1958 1316 detur
2002 1253 2132 1317 fide
2179 1276 2352 1338 mea3

310 1340 556 1425 deinde,
603 1362 750 1405 cum
794 1341 929 1405 fere
966 1341 1275 1405 consistat
1320 1341 1643 1404 hereditas
1688 1341 1757 1404 in
1802 1340 1883 1403 iis
1929 1341 2142 1425 rebus,
2191 1363 2352 1426 quas

308 1428 544 1492 avertit
590 1427 816 1513 Oppia,
862 1452 1024 1513 quae
1070 1451 1235 1493 uxor
1279 1427 1489 1492 Mindi
1531 1429 1688 1513 fuit,
1735 1428 1998 1493 adiuves
2042 1429 2351 1513 ineasque

308 1516 653 1601 rationem,
709 1539 902 1618 quem
955 1518 1036 1581 ad
1080 1518 1346 1582 modum
1391 1539 1466 1581 ea
1518 1517 1751 1581 mulier
1795 1515 2074 1581 Romam
2117 1518 2351 1601 perdu-
2379 1534 2429 1574 15

310 1607 507 1669 catur.
599 1603 787 1681 Quod
832 1606 888 1669 si
931 1606 1179 1689 putarit
1222 1606 1337 1669 illa
1381 1605 1538 1690 fore,
1585 1608 1658 1668 ut
1695 1604 1916 1688 opinio
1962 1608 2189 1669 nostra
2235 1610 2352 1690 est,

310 1692 647 1779 negotium
702 1694 1129 1758 conficiemus
1240 1693 1387 1758 Hoc
1449 1696 1523 1756 ut
1586 1693 2036 1778 adsequamur,
2116 1698 2183 1757 te
2247 1716 2353 1758 ve-

308 1785 561 1846 menter
620 1782 815 1846 etiam
874 1786 1066 1865 atque
1126 1782 1322 1845 etiam
1382 1802 1560 1867 rogo.
1659 1778 1859 1882 Illud,
1917 1781 2095 1864 quod
2156 1804 2352 1865 supra

310 1869 569 1953 scripsi,
615 1868 684 1933 id
727 1870 853 1933 tibi
890 1871 1201 1934 confimo
1248 1871 1318 1933 in
1362 1890 1591 1953 meque
1638 1869 1896 1953 recipi0,
1942 1872 2007 1932 te
2045 1891 2138 1954 66,
2187 1892 2350 1953 quae

308 1959 518 2022 fecisti
564 1956 835 2021 Mescini
890 1979 1079 2021 causa
1133 1979 1422 2041 quaeque
1477 1958 1729 2040 feceris,
1784 1958 1878 2020 ita
1921 1957 2086 2021 bene
2135 1958 2352 2022 conlo-
2377 1976 2428 2015 2⁰

309 2049 629 2130 caturum,
685 2050 758 2109 ut
804 2046 941 2131 ipse
987 2045 1229 2109 iudices
1273 2044 1527 2109 homini
1571 2048 1636 2108 te
1680 2045 2080 2132 gratissimO,
2128 2046 2350 2110 11161111-

310 2133 573 2198 dissimo
620 2133 899 2220 benigne
944 2134 1185 2198 fecisse.
1275 2132 1449 2197 Volo
1495 2133 1668 2197 enim
1714 2133 1797 2197 ad
1840 2134 1938 2219 id,
1986 2134 2164 2217 quod
2209 2156 2352 2199 mea

310 2241 499 2285 661166
544 2222 781 2307 fecisti,
826 2222 953 2285 hoc
998 2222 1193 2285 etiam
1240 2222 1553 2286 accedere.

1141 2447 1428 2513 XXVIII
1457 2472 1508 2512 a.

736 2566 850 2622 Ser.
891 2566 1117 2636 Romae,
1154 2576 1217 2623 ut
1251 2572 1486 2635 videtwr,
1529 2586 1582 2622 a.
1623 2570 1736 2622 708
1777 2571 1916 2637 (46).
2379 2589 2430 2629 25

973 2689 1058 2745 01
1054 2690 1263 2746 GERO
1301 2690 1601 2747 SERVIO
1637 2690 1691 2746 S.

440 2833 580 2898 Nec
615 2833 1157 2898 Lacedaemonios
1196 2834 1492 2899 dubitare
1530 2834 1830 2919 arbitror,
1878 2835 2036 2918 quin
2073 2835 2202 2919 ipsi
2239 2857 2355 2899 sua

306 2923 755 3006 maiorumque
802 2944 1066 2987 suorum
1112 2923 1496 2987 auctoritate
1543 2923 1699 2987 satis
1745 2922 2177 2988 commendati
2223 2924 2355 2986 sint

307 3011 462 3073 fidei
510 3014 574 3073 et
619 3010 907 3075 iustitiae
953 3014 1119 3094 tuae,
1167 3013 1231 3074 et
1277 3033 1418 3097 ego,
1467 3011 1581 3094 qui
1617 3014 1682 3075 te
1722 3012 1964 3096 optime
2009 3012 2354 3095 novissem,

308 3120 441 3162 non
504 3098 824 3183 dubitavi,
885 3099 1044 3182 quin
1101 3098 1227 3162 tibi
1285 3098 1628 3164 notissima
1681 3103 1747 3164 et
1799 3100 1944 3164 iura
1997 3103 2062 3163 et
2120 3100 2354 3163 merita
2381 3118 2432 3157 so

307 3186 700 3271 populorum
756 3189 983 3249 essent.
1075 3184 1329 3270 Itaque,
1392 3209 1538 3251 cum
1585 3209 1623 3250 a
1666 3210 1771 3251 me
1815 3190 2064 3271 peteret
2107 3186 2356 3271 Philip-

307 3295 429 3357 pus
485 3272 1054 3358 LacedaemoniuS,
1116 3278 1189 3337 ut
1248 3274 1374 3338 tibi
1434 3275 1764 3339 civitatem
1824 3275 2356 3359 commendarem,

311 3361 432 3423 etsi
487 3362 907 3425 memineram
961 3383 1065 3425 1116
1121 3362 1180 3425 61
1236 3362 1487 3426 civitati
1543 3364 1761 3427 omnia
1819 3364 2078 3449 debere,
2139 3368 2358 3449 tamen

311 3447 616 3531 respondi
672 3449 1227 3513 commendatione
1281 3448 1825 3516 Lacedaemonios
1887 3455 2041 3537 aput
2104 3455 2170 3515 te
2225 3472 2359 3516 non

2227 3795 2292 3798 ¹,-
2334 3781 2349 3796 ι
2366 3785 2393 3796 ..
2537 3782 2555 3794 ,ἲ
