2567 3884
877 188 1097 241 LIBER
1132 189 1263 242 XIII
1305 195 1528 244 70—73.
2095 192 2229 255 419

199 330 415 393 relliae
468 334 917 413 procuratores
973 331 1367 414 scripserunt
1411 336 1476 395 te
1529 336 1797 415 propter
1840 335 2230 419 magnitudi-

197 440 346 482 nem
386 418 754 502 provinciae
788 418 1402 503 multitudinemque
1448 422 1860 506 negotiorum
1897 423 2092 485 etiam
2138 428 2230 487 at-

199 528 321 589 que
379 506 575 570 etiam
634 528 769 570 esse
830 508 1545 571 commonefaciendum.
1645 508 1807 572 Peto
1866 509 2096 595 igitur,
2153 514 2229 574 ut
2266 528 2298 575 2

196 594 563 657 memineris
621 597 687 658 te
744 594 990 678 01111113,
1051 616 1213 678 quae
1270 598 1384 659 tua
1435 596 1594 659 fides
1647 600 2006 681 pateretur,
2063 598 2227 661 mihi

139 701 170 741 5
198 682 516 748 cumulate
563 682 891 764 recepisse.
982 682 1304 767 Equidem
1361 683 1660 747 existimo
1704 684 1942 749 habere
1987 689 2052 748 te
2097 708 2230 749 ma-

195 792 391 856 gnam
446 770 819 833 facultatem
880 767 1021 857 (sed
1072 771 1198 835 hoc
1251 771 1351 835 tui
1407 774 1504 835 est
1558 773 1810 836 consilii
1857 777 1921 837 et
1974 770 2228 859 iudicii)

196 880 275 921 ex
328 878 404 921 eo
460 879 506 921 s.
546 878 624 941 3.,
686 858 859 941 quod
916 859 986 921 in
1043 858 1307 923 heredes
1365 857 1431 922 O.
1469 857 1770 923 Vennoni
1825 862 2068 925 factum
2114 865 2229 945 est,

197 944 541 1009 Caerelliae
580 946 1043 1009 commodandi.
1116 945 1194 1009 Id
1229 950 1488 1010 senatus
1525 948 1890 1012 consultum
1925 952 1999 1013 tu
2034 949 2230 1012 inter-

194 1034 532 1117 pretabere
590 1055 709 1117 pro
770 1037 884 1097 tua
943 1034 1288 1120 sapientia3
1353 1035 1486 1099 scio
1552 1036 1723 1099 3111111
1787 1036 1924 1100 31113
1984 1037 2228 1100 ordinis

104 1143 167 1181 ιο
196 1122 645 1185 auctoritatem
702 1144 953 1205 semper
1006 1126 1162 1205 aput
1219 1126 1285 1186 te
1331 1124 1552 1209 magni
1597 1124 1810 1187 fuisse.
1903 1122 2091 1200 Quod
2134 1146 2230 1187 re-

193 1210 447 1292 liquum
503 1212 624 1293 est,
679 1210 773 1272 sic
816 1210 1013 1273 velim
1067 1211 1422 1294 existimes,
1479 1211 1990 1296 quibuscumque
2036 1213 2229 1276 rebus

198 1296 545 1361 Caerelliae
604 1296 883 1383 benigne
942 1298 1168 1361 feceris
1181 1349 1199 1382 ,
1257 1298 1422 1362 mihi
1477 1303 1543 1363 te
1597 1300 2039 1385 gratissimum
2093 1322 2229 1365 esse

193 1386 532 1449 facturum.
1427 1384 1434 1393 '

1061 1576 1356 1643 LXXIII.

105 1738 163 1779 15
638 1694 751 1770 Ser.
791 1715 1001 1770 Romae
1037 1732 1185 1769 awno
1215 1723 1345 1785 post
1380 1734 1461 1786 ep.
1500 1718 1785 1773 LXXIV.

566 1856 641 1909 M.
682 1854 939 1910 CICERO
980 1854 1042 1919 Q.
1081 1856 1416 1909 PHILIPPO
1454 1855 1748 1911 PROCOS.
1798 1856 1851 1912 S.

330 1997 637 2063 Gratulor
680 1998 823 2082 tibi,
870 1999 1044 2081 quod
1080 2022 1159 2063 ex
1202 1999 1536 2083 provincia
1573 1998 1822 2063 salvum
1857 2002 1923 2062 te
1962 2000 2042 2063 ad
2078 2004 2227 2064 tuos
2267 2018 2296 2065 1

191 2088 491 2171 recepisti
544 2086 855 2150 incolumi
900 2087 1071 2150 fama
1116 2090 1182 2150 et
1226 2108 1296 2150 re
1341 2110 1402 2169 p.
1495 2085 1737 2163 Quodsi
1782 2086 2028 2169 Romae
2073 2088 2228 2151 fuis-

194 2197 357 2258 sem,
409 2179 474 2238 te
519 2172 822 2239 vidissem
869 2195 1210 2257 coramque
1255 2176 1498 2261 gratias
1545 2176 1836 2261 egissem,
1883 2176 2058 2258 quod
2101 2176 2226 2239 tibi

39 2288 41 2325 ε
106 2284 163 2322 20
192 2264 265 2327 L.
312 2262 658 2349 Egnatius,
712 2262 1251 2326 familiarissimus
1295 2285 1503 2347 1113113,
1560 2284 1814 2347 apsens,
1858 2264 1929 2327 L.
1979 2262 2227 2347 Oppius

193 2372 495 2434 praesens
547 2371 733 2414 curae
778 2351 1022 2414 fuisset.

332 2436 495 2502 Cum
520 2437 869 2521 Antipatro
905 2437 1187 2501 Derbete
1222 2438 1387 2501 mihi
1432 2460 1564 2502 non
1602 2438 1812 2503 solum
1846 2439 2226 2523 hospitium,
2262 2456 2295 2504 2

192 2548 419 2590 verum
466 2526 660 2589 etiam
707 2548 956 2589 summa
1000 2525 1406 2590 familiaritas
1451 2528 1807 2591 intercedit.
1881 2526 1965 2590 Ei
2010 2530 2076 2591 te
2121 2549 2226 2590 ve-

193 2618 445 2678 menter
504 2614 930 2677 suscensuisse
1001 2614 1217 2678 audivi
1282 2618 1346 2677 et
1410 2614 1679 2679 moleste
1742 2614 1882 2679 tuli.
1991 2614 2091 2677 De
2155 2635 2224 2677 re

109 2720 163 2760 25
192 2702 362 2765 nihil
414 2723 678 2785 possum
729 2702 1039 2786 iudicare,
1093 2702 1219 2765 nisi
1272 2702 1436 2766 illud
1488 2702 1652 2767 mihi
1705 2702 2085 2786 persuadeO,
2139 2705 2225 2785 te,

192 2790 391 2854 talem
444 2790 683 2874 virum,
741 2789 910 2853 nihil
962 2793 1201 2853 temere
1260 2790 1500 2853 fecisse.
1591 2790 1658 2853 A
1714 2793 1780 2853 te
1833 2792 2049 2853 autem
2101 2810 2224 2871 pro

192 2882 409 2943 vetere
454 2880 677 2941 nostra
711 2878 1179 2942 necessitudine
1215 2878 1410 2940 etiam
1458 2882 1648 2961 atque
1695 2877 1890 2941 etiam
1933 2880 2104 2960 pet0,
2149 2880 2227 2941 ut

194 2968 332 3030 eius
376 2966 565 3051 filios,
612 2966 724 3049 qui
768 2966 838 3029 in
882 2969 997 3029 tua
1038 2969 1358 3050 potestate
1395 2970 1562 3050 sunt,
1606 2964 1769 3029 mihi
1812 2964 2224 3047 potissimum

39 3132 41 3141 Ι
194 3054 540 3138 condones,
599 3054 727 3117 nisi
782 3054 939 3137 quid
993 3054 1322 3117 existimas
1373 3054 1444 3116 in
1499 3076 1572 3117 ea
1616 3075 1685 3116 re
1730 3052 1960 3116 violari
2007 3052 2224 3115 existi-

39 3152 40 3155 ’
108 3162 163 3201 30
192 3143 546 3207 mationem
600 3146 795 3206 tuam.
888 3139 1074 3217 Quod
1134 3163 1254 3228 ego
1316 3141 1370 3203 si
1431 3141 1808 3224 arbitrarer,
1867 3162 2224 3223 numquam

39 3244 41 3251 '
191 3235 259 3295 te
304 3252 627 3317 rogarem,
685 3230 975 3313 mihique
1029 3234 1142 3293 tua
1195 3230 1368 3293 fama
1411 3229 1617 3292 multo
1665 3228 1992 3311 antiquior
2037 3232 2222 3313 esset,

193 3341 389 3403 quam
424 3318 539 3382 illa
572 3318 975 3383 necessitudo
1012 3322 1134 3403 est3
1180 3318 1293 3381 sed
1325 3317 1490 3380 mihi
1526 3317 1620 3381 ita
1662 3316 2013 3399 persuadeo
2051 3314 2223 3402 (pot-

193 3410 292 3471 est
335 3408 503 3491 fieri,
559 3411 633 3471 ut
685 3404 928 3493 fallar),
989 3427 1129 3469 eam
1181 3428 1319 3469 rem
1373 3404 1548 3468 laudi
1593 3404 1718 3468 tibi
1761 3405 1980 3488 potius
2026 3426 2221 3487 quam

190 3495 653 3580 vituperationi
688 3496 845 3560 fore.
910 3491 1077 3569 Quid
1114 3494 1255 3557 fieri
1291 3494 1514 3577 possit,
1559 3496 1624 3557 et
1661 3492 1817 3576 quid
1851 3516 1995 3557 mea
2031 3514 2222 3557 causa

1794 3597 1899 3649 27*
