2567 3884
419 109 551 176 100
1175 107 1691 163 EPISTULARUM

418 253 680 317 fortuna
733 252 1027 316 adflictus
1081 252 1359 316 aliorum
1405 252 1636 336 opibus
1691 274 1872 316 casus
1915 273 2093 316 meos
2139 255 2460 315 sustenta-

418 342 587 426 11010,
632 340 1010 425 saepiusque
1055 341 1219 404 mihi
1253 341 1553 405 veniebat
1598 341 1667 404 in
1710 344 1993 404 mentem
2029 340 2233 424 queri,
2280 339 2460 424 quod

419 430 512 494 ita
547 430 847 514 viverem,
894 450 1086 513 quam
1131 428 1429 515 gaudere,
1475 429 1650 512 quod
1683 428 1982 493 viverem.
2046 427 2458 528 Quamquam

420 518 592 583 enim
636 518 816 582 nulla
858 539 963 581 me
1009 517 1222 600 ipsum
1256 517 1564 600 privatim
1599 516 1849 617 pepulit
1885 516 2158 602 insignis
2195 516 2456 599 iniuria,

418 627 538 670 nec
579 605 744 670 mihi
790 605 1134 690 quicquam
1179 605 1298 668 tali
1341 608 1631 688 tempore
1677 605 1745 668 in
1790 608 2071 668 mentem
2116 604 2300 668 venit
2346 625 2456 704 op·
2503 621 2525 660 ⁵

419 697 576 777 tare,
622 693 797 778 quod
839 715 972 757 non
1017 693 1190 757 ultro
1235 693 1400 757 mibi
1447 691 1679 756 Caesar
1724 692 2044 776 detulerit,
2093 696 2317 756 tamen
2359 693 2456 756 ni-

418 781 517 845 hil
560 782 607 864 †
657 781 748 845 eis
821 781 1128 845 conficior
1198 781 1399 864 curis,
1462 784 1537 843 ut
1607 781 1849 865 ipsum,
1922 779 2097 864 quod
2156 802 2455 844 maneam

422 870 490 933 in
534 870 695 953 vita,
749 890 1012 952 peccare
1065 890 1168 933 me
1223 867 1602 933 existimem.
1705 867 1905 933 Careo
1951 868 2123 932 enim
2170 889 2323 932 cum
2367 869 2456 931 fa-

420 956 875 1021 miliarissimis
927 957 1175 1041 multis,
1230 978 1393 1040 quos
1446 960 1558 1020 aut
1602 977 1777 1020 mors
1822 955 2060 1039 eripuit
2104 954 2299 1020 nobis
2346 960 2458 1020 aut

423 1044 724 1109 distraxit
776 1045 959 1130 fuga,
1013 1048 1155 1108 tum
1201 1044 1500 1109 omnibus
1546 1044 1794 1128 amicis,
1849 1065 2125 1127 quorum
2179 1044 2458 1108 benevo-
2482 1061 2526 1099 1⁰

420 1133 689 1197 lentiam
745 1133 936 1197 nobis
994 1132 1367 1197 conciliarat
1424 1154 1542 1216 per
1597 1154 1701 1196 me
1765 1132 2089 1216 quondam
2144 1134 2213 1195 te
2278 1132 2456 1196 socio

425 1221 683 1285 defensa
727 1242 828 1286 res
871 1220 1157 1304 publica,
1211 1242 1558 1304 versorque
1604 1221 1672 1284 111
1718 1242 1941 1284 eorum
1984 1220 2348 1305 naufragiis
2394 1224 2458 1284 et

422 1307 744 1373 bonorum
789 1309 1259 1393 direptionibus
1312 1330 1432 1373 nec
1484 1309 1676 1373 audio
1730 1309 1965 1392 solum,
2020 1309 2197 1392 quod
2240 1309 2460 1392 ipsum

424 1400 591 1461 esset
644 1397 982 1481 miserum,
1041 1396 1154 1462 sed
1206 1396 1403 1460 etiam
1457 1397 1526 1460 id
1580 1397 1792 1481 ipsum
1835 1397 2049 1481 video,
2110 1417 2241 1481 quo
2289 1397 2460 1461 nihil

424 1488 522 1548 081
566 1484 874 1569 0001111118,
921 1506 1144 1548 00111111
1178 1486 1471 1549 fortunas
1509 1485 1823 1569 dissipari,
1869 1448 2101 1568 quibils
2136 1506 2259 1548 nos
2300 1486 2459 1549 olim
2484 1501 2524 1540 15

424 1572 828 1637 adiutoribus
886 1572 1049 1636 illud
1106 1573 1473 1637 incendium
1532 1573 1986 1658 exstinximus,
2046 1577 2141 1657 et,
2202 1573 2273 1637 in
2334 1597 2459 1657 qua

425 1661 585 1725 urbe
629 1661 823 1725 modo
868 1661 1109 1746 gratia,
1155 1661 1557 1745 auctoritate,
1603 1661 1814 1747 gloria
1856 1660 2342 1745 110111110118,111
2389 1684 2460 1725 ea

423 1770 595 1812 nunc
636 1749 740 1814 his
785 1748 1046 1832 quidem
1105 1749 1405 1813 omnibus
1464 1770 1777 1834 caremus3
1832 1749 2196 1833 optinemus
2252 1749 2460 1833 ipsius

427 1835 714 1901 Caesaris
758 1858 1076 1901 summam
1121 1859 1274 1922 erga
1318 1859 1437 1901 nos
1481 1837 1977 1922 humanitatem,
2032 1837 2144 1901 sed
2188 1859 2266 1900 ea
2310 1838 2460 1921 plus

423 1946 555 1989 non
598 1927 814 2010 potest
860 1947 1052 2008 quam
1096 1925 1194 1988 vis
1241 1928 1307 1988 et
1351 1925 1627 1990 mutatio
1673 1926 1962 1989 omnium
1998 1947 2214 1989 rerum
2261 1929 2459 2009 atque
2483 1942 2525 1980 2⁰

425 2017 807 2097 temporum.
897 2011 1125 2096 Itaque
1185 2013 1382 2077 orbus
1441 2013 1522 2078 iis
1580 2013 1773 2078 rebus
1826 2013 2152 2097 omnibus,
2219 2014 2460 2096 quibus

425 2105 491 2164 et
535 2104 766 2165 natura
823 2123 926 2165 me
973 2105 1038 2165 01
1082 2101 1381 2165 voluntas
1436 2106 1500 2165 et
1556 2102 1947 2166 consuetudo
2002 2101 2460 2186 adsuefecerat,

426 2209 572 2252 cum
619 2189 871 2272 0010118,
931 2193 1004 2253 111
1061 2189 1321 2273 quidem
1366 2189 1614 2273 videor,
1660 2193 1800 2253 tum
1845 2189 2009 2254 101111
2054 2189 2190 2273 ipse
2239 2189 2461 2274 displi-

424 2297 554 2339 000.
643 2275 853 2341 Νο1118
898 2278 1070 2340 enim
1116 2277 1198 2340 ad
1241 2277 1563 2363 agendum
1608 2299 1858 2362 semper
1903 2278 2149 2361 aliquid
2184 2277 2460 2364 dignum

424 2363 567 2428 viro
622 2386 793 2428 nunc
845 2387 976 2428 non
1031 2366 1225 2430 modo
1279 2366 1515 2453 agendi
1568 2365 1885 2430 rationem
1936 2366 2182 2429 nullam
2225 2366 2460 2449 habeo,
2485 2382 2527 2421 2⁵

425 2452 539 2516 sed
590 2474 671 2516 ne
727 2453 1053 2539 cogitandi
1109 2453 1369 2538 quidem
1440 2458 1569 2539 01,
1586 2454 1697 2537 qui
1752 2459 1939 2518 antea
1990 2457 2101 2517 aut
2165 2453 2462 2518 obscuris

423 2540 796 2605 hominibus
842 2545 954 2605 aut
999 2541 1194 2605 etiam
1239 2540 1534 2607 sontibus
1581 2542 1888 2625 opitulari
1930 2545 2241 2626 poteram,
2285 2564 2462 2605 nunc

424 2627 494 2692 P.
541 2628 812 2715 Nigidio
825 2679 843 2714 ,
899 2630 1014 2693 uni
1070 2631 1360 2694 omnium
1416 2630 1787 2694 doctissimo
1833 2634 1898 2695 et
1942 2630 2349 2696 sanctissimo
2397 2633 2462 2694 et

424 2717 708 2781 maxima
755 2718 1079 2801 quondam
1124 2719 1336 2804 gratia
1381 2722 1445 2782 et
1490 2719 1654 2783 mibi
1700 2722 1870 2783 certe
1915 2718 2331 2802 amicissimo,
2380 2740 2461 2781 ne

426 2805 705 2891 benigne
751 2806 1011 2888 quidem
1055 2806 1349 2889 polliceri
1401 2827 1680 2891 possum.
1770 2806 1950 2893 Ergo
1994 2806 2118 2871 hoc
2163 2769 2461 2890 ereptum
2485 2823 2527 2861 ³0

427 2897 522 2956 est
567 2893 933 2957 litterarum
978 2915 1206 2979 genus3
1257 2894 1577 2979 reliquum
1625 2898 1739 2978 est,
1785 2898 1858 2958 ut
1904 2895 2194 2958 consoler
2241 2899 2306 2958 et
2352 2895 2460 2958 ad·

426 2980 627 3045 feram
684 2981 992 3066 1013101108,
1056 2982 1292 3065 quibus
1336 2986 1404 3047 te
1449 3006 1487 3046 a
1528 2982 1843 3047 molestiis
1890 3003 2080 3047 coner
2124 2982 2459 3046 abducere.

424 3065 515 3131 At
561 3091 635 3132 00
690 3069 950 3152 quidem
995 3069 1266 3135 facultas
1312 3071 1416 3135 vel
1460 3071 1559 3134 tui
1604 3071 1708 3135 vel
1762 3071 2025 3134 alterius
2085 3070 2461 3134 consolandi

425 3155 494 3217 in
539 3159 604 3219 te
649 3177 900 3221 summa
945 3161 1057 3242 est,
1103 3159 1159 3222 si
1205 3180 1513 3241 umquam
1551 3159 1618 3221 10
1656 3159 1790 3223 11Πο
1828 3159 1969 3222 fuit.
2050 3157 2282 3242 Itaque
2318 3181 2461 3222 eam

424 3247 692 3326 partem,
740 3266 903 3327 quae
949 3245 1028 3309 ab
1077 3246 1397 3330 exquisita
1435 3247 1709 3330 quadam
1757 3247 2008 3310 ratione
2054 3250 2118 3310 et
2165 3246 2462 3311 doctrina
2486 3261 2528 3301 ³⁵

425 3329 874 3416 proficiscitur,
909 3353 1041 3396 non
1077 3335 1413 3420 attingam,
1449 3335 1574 3398 tibi
1611 3338 1819 3399 totam
1856 3335 2231 3418 relinquam.
2293 3334 2463 3411 Quid

423 3415 514 3479 sit
577 3416 732 3479 forti
792 3422 858 3483 et
920 3420 1193 3504 sapienti
1255 3422 1518 3486 homine
1584 3423 1869 3509 dignum,
1938 3423 2095 3507 quid
2155 3424 2460 3510 gravitas,

474 3710 517 3787 l
