2567 3884
827 171 1042 224 LIBER
1077 171 1129 225 V
1169 172 1441 226 lob—12.
2018 173 2143 236 119

248 313 350 376 De
393 311 708 395 Dionysio
718 364 736 397 ,
791 313 847 376 si
901 335 1004 377 me
1059 337 1260 399 amas,
1316 315 1572 378 confice.
1665 313 2144 399 Quamcumque
2180 333 2212 379 3

114 401 176 465 ei
221 401 416 464 fidem
473 401 745 485 dederis,
799 403 1168 488 praestab03
1223 403 1278 466 si
1333 423 1485 467 vero
1541 403 1876 486 improbus
1930 404 2143 488 fuerit,

115 493 192 553 ut
250 493 374 574 est,
434 489 622 552 duces
678 510 824 552 eum
880 490 1205 573 captivum
1258 491 1328 554 in
1386 490 1736 574 triumpho
1826 490 2143 555 Dalmatis

117 577 184 641 di
228 577 397 640 male
441 577 695 661 faciant,
742 577 854 660 qui
900 578 1023 641 tibi
1058 579 1315 642 molesti
1352 580 1527 642 sunt!
1593 577 1735 662 Sed,
1779 582 1854 641 ut
1899 579 2144 663 scribis,

62 682 91 722 ⁵
115 665 299 730 brevi
346 665 678 748 capientur
711 670 776 729 et
811 666 1249 730 inlustrabunt
1285 688 1387 730 res
1422 671 1566 730 tuas
1611 670 1850 752 gestas3
1895 689 2147 751 semper

116 754 289 818 enim
334 753 544 817 habiti
590 757 740 817 sunt
785 753 1093 818 bellicosi.

1052 981 1195 1047 XII.

420 1103 531 1158 Ser.
571 1102 731 1169 Anti,
767 1109 832 1156 ut
867 1103 1099 1170 videtwr,
1135 1121 1202 1157 m.
1243 1103 1415 1157 Iwnio
1451 1121 1503 1158 a.
1544 1107 1657 1157 698
1700 1106 1838 1170 (56).

515 1225 590 1279 Μ.
631 1224 885 1279 CICERO
935 1225 986 1278 S.
1034 1224 1100 1279 D.
1140 1225 1199 1279 L.
1237 1224 1541 1278 LUCCEIO
1581 1224 1643 1289 Q.
1682 1225 1742 1278 F.

35 1391 86 1429 ιο
252 1367 485 1433 Coram
537 1391 641 1432 me
695 1373 907 1432 tecum
963 1368 1183 1432 eadem
1236 1369 1395 1432 haec
1448 1389 1637 1454 agere
1682 1390 1869 1453 saepe
1915 1390 2143 1433 6011611-
2181 1386 2211 1434 1

115 1463 248 1522 tem
297 1458 607 1521 deterruit
659 1457 869 1541 pudor
922 1457 1183 1539 quidam
1237 1477 1439 1540 paene
1494 1457 1918 1541 subrusticus,
1980 1479 2142 1541 quae

114 1566 287 1609 nunc
342 1566 712 1628 expromam
772 1545 999 1608 absens
1055 1545 1388 1630 audacius3
1451 1545 1725 1627 epistola
1782 1545 1954 1609 enim
2011 1567 2143 1610 non

116 1633 451 1698 erubescit.
539 1633 755 1697 Ardeo
812 1632 1161 1716 cupiditate
1206 1632 1571 1696 incredibili
1614 1654 1846 1717 neque,
1902 1637 1975 1696 ut
2021 1637 2141 1720 ego

116 1721 426 1806 arbitror,
495 1721 1037 1804 reprehendenda,
1099 1741 1335 1784 nomen
1392 1724 1468 1783 ut
1528 1724 1824 1784 nostrum
1886 1721 2142 1804 scriptis

35 1828 86 1868 15
115 1810 500 1874 inlustretur
544 1812 608 1873 et
654 1809 1012 1872 celebretur
1068 1809 1215 1872 tuis.
1309 1806 1496 1883 Quod
1555 1809 1675 1872 etsi
1733 1808 1896 1872 mihi
1954 1831 2141 1893 saepe

115 1897 454 1962 ostendisti
497 1900 563 1961 te
599 1918 734 1961 esse
769 1898 1107 1981 facturum,
1151 1900 1368 1960 tamen
1413 1896 1707 1982 ignost
1750 1896 1945 1960 velim
1988 1896 2142 1961 huic

113 1985 516 2050 festinationi
551 2006 746 2048 meae.
840 1983 1053 2048 Genus
1090 1985 1262 2047 enim
1299 1984 1686 2068 scriptorum
1721 1987 1983 2047 tuorum
2019 1985 2140 2048 etsi

113 2078 255 2138 erat
290 2095 540 2157 semper
575 2096 613 2136 a
646 2094 750 2136 me
785 2073 1196 2136 vehementer
1232 2075 1687 2157 exspectatum,
1732 2075 1947 2135 tamen
1983 2072 2141 2136 vicit

113 2161 487 2246 opinionem
531 2182 739 2225 meam
783 2182 1014 2244 meque
1058 2160 1152 2223 ita
1195 2160 1301 2222 vel
1346 2160 1514 2243 cepit
1558 2160 1663 2224 vel
1705 2160 2021 2244 incendit,
2065 2164 2140 2223 ut

28 2269 84 2308 20
113 2271 414 2334 cuperem
460 2271 652 2333 quam
697 2249 1045 2312 celerrume
1090 2270 1190 2312 res
1235 2251 1487 2312 nostras
1522 2247 1935 2311 monimentis
1972 2269 2141 2312 com-

110 2337 404 2402 mendari
457 2338 603 2400 tuis.
693 2335 921 2420 Neque
976 2336 1148 2400 enim
1200 2357 1305 2399 me
1358 2336 1569 2399 solum
1615 2337 2138 2400 commemoratio

108 2425 512 2510 posteritatis
557 2425 638 2488 ad
681 2447 860 2509 spem
899 2425 1217 2508 quandam
1253 2423 1760 2488 immortalitatis
1797 2425 1985 2508 rapit,
2030 2424 2142 2488 sed

111 2514 312 2578 etiam
356 2514 469 2576 illa
514 2512 856 2597 cupiditas,
910 2516 984 2575 ut
1037 2512 1140 2576 vel
1195 2512 1576 2575 auctoritate
1632 2512 1989 2576 testimonii
2042 2512 2140 2575 tui

109 2603 219 2666 vel
254 2601 492 2665 indicio
527 2600 1010 2665 benevolentiae
1044 2600 1150 2664 vel
1184 2600 1500 2663 suavitate
1544 2599 1790 2685 ingenii
1834 2600 1966 2663 vivi
2001 2621 2141 2683 per-

25 2707 81 2748 25
111 2691 423 2754 fruamur.

244 2777 472 2861 Neque
516 2781 758 2860 tamen,
811 2777 968 2840 haec
1013 2796 1157 2838 cum
1203 2775 1590 2859 scribebam,
1645 2797 1819 2838 eram
1871 2772 2140 2856 nescius,
2177 2790 2209 2837 2

108 2866 373 2950 quantis
412 2865 713 2929 oneribus
749 2884 1107 2948 premerere
1154 2867 1594 2947 susceptarum
1639 2884 1855 2926 rerum
1901 2865 1966 2925 et
2010 2861 2139 2924 iam

106 2955 584 3038 institutarum3
643 2953 779 3037 sed,
827 2952 978 3035 quia
1021 2951 1320 3015 videbam
1364 2949 1575 3014 Italici
1619 2950 1776 3013 belli
1822 2952 1887 3012 et
1933 2948 2141 3012 civilis

103 3042 450 3106 historiam
487 3043 616 3104 iam
653 3063 690 3102 a
725 3044 790 3104 te
825 3060 1025 3124 paene
1062 3060 1197 3102 esse
1232 3039 1600 3123 perfectam,
1638 3036 1889 3101 dixeras
1926 3039 2139 3100 autem

21 3149 78 3188 30
106 3130 278 3194 mihi
321 3133 387 3193 te
432 3130 711 3212 reliquas
757 3149 858 3191 res
905 3126 1131 3210 ordiri,
1188 3126 1365 3190 desse
1410 3127 1572 3190 mihi
1618 3125 1825 3210 nolui,
1881 3125 2039 3208 quin
2075 3127 2139 3188 te

105 3218 546 3301 admonerem,
600 3220 673 3279 ut
719 3217 1035 3301 cogitares
1042 3266 1060 3299 ,
1120 3215 1537 3278 coniunctene
1583 3213 1807 3277 malles
1854 3235 1999 3276 cum
2045 3233 2140 3275 re—

101 3305 306 3390 liquis
351 3306 542 3369 rebus
587 3307 808 3368 nostra
853 3307 1188 3366 contexere
1226 3325 1326 3386 an,
1372 3306 1445 3365 ut
1480 3302 1673 3365 multi
1711 3300 1936 3364 Graeci
1980 3301 2141 3364 fece-

102 3397 288 3478 runt,
348 3392 770 3457 Callisthenes
812 3390 1162 3455 Phocicum
1208 3390 1477 3475 bellum,
1533 3389 1831 3453 Timaeus
1884 3387 2138 3472 Pyrrhi,

99 3480 420 3565 Polybius
481 3479 982 3564 Numantinum,
1058 3479 1168 3563 qui
1234 3499 1453 3542 omnes
1518 3500 1555 3540 a
1617 3477 1944 3562 perpetuis
2008 3477 2140 3541 suis

2091 3625 2384 3884 Γ
