2567 3884
367 201 500 265 280
1127 200 1641 255 EPISTULARUM

368 344 445 407 de
490 348 556 408 te
600 348 816 407 tamen
861 344 1032 407 fama
1069 349 1368 409 constans
1402 364 1523 409 nec
1569 344 1776 428 decipi
1820 364 2007 428 posse
2041 365 2161 408 nec
2196 345 2408 431 vinci3

368 453 643 515 quorum
687 432 952 496 alterius
996 432 1258 497 fortuna
1300 436 1551 516 partem
1595 432 1792 497 habet
1836 431 2183 515 quandam,
2246 434 2407 497 alte-

367 542 512 583 rum
555 520 892 604 proprium
928 523 1025 584 est
1068 521 1447 605 prudentiae
1492 524 1657 585 tuae.
1734 518 1861 584 Sed
1896 521 2108 604 accepi
2143 520 2405 585 litteras

367 631 405 672 a
451 608 698 694 collega
741 612 857 672 tuo
905 608 1084 672 datas
1127 607 1351 672 Idibus
1386 608 1597 692 Maiis,
1640 609 1711 672 in
1757 609 1991 692 quibus
2036 612 2175 672 erat
2211 612 2281 673 te
2320 610 2405 673 ad

368 718 434 761 se
481 696 808 781 scripsisse
845 718 883 760 a
917 695 1163 781 Lepido
1208 718 1341 761 non
1385 697 1585 780 recipi
1628 696 2015 781 Antonium,
2062 696 2239 780 quod
2276 698 2403 760 erit
2429 714 2452 753 5

368 784 628 869 certine,
685 785 740 848 si
784 789 858 848 tu
905 784 985 848 ad
1028 806 1146 849 nos
1200 784 1374 848 idem
1420 785 1765 869 scripseris.
1856 783 1984 848 Sed
2026 785 2243 848 minus
2294 808 2402 849 au-

367 872 477 936 des
523 873 793 936 fortasse
837 876 1103 956 propter
1147 874 1403 937 inanem
1447 872 1761 937 laetitiam
1805 873 2169 936 litterarum
2214 895 2403 958 supe-

368 960 628 1024 riorum.
720 959 996 1044 Verum,
1050 964 1124 1024 ut
1169 983 1407 1045 errare,
1451 961 1544 1025 mi
1586 959 1847 1045 Plance,
1890 961 2165 1045 potuisti
2220 959 2401 1047 (quis

366 1048 540 1111 enim
594 1048 663 1111 id
717 1045 1096 1134 effuger1t?)
1105 1098 1123 1133 ,
1183 1050 1275 1112 sic
1336 1049 1543 1132 decipi
1600 1052 1665 1113 te
1719 1071 1851 1113 11011
1906 1049 2196 1133 potuisse
2250 1050 2401 1133 quis

364 1157 499 1200 non
534 1135 752 1200 videt?
797 1158 970 1200 nunc
1003 1158 1155 1201 vero
1193 1138 1389 1200 etiam
1436 1136 1623 1221 [iam]
1660 1138 1895 1201 erroris
1942 1158 2131 1201 causa
2185 1138 2469 1201 subla-1⁰

366 1227 524 1309 tast3
571 1224 758 1308 culpa
795 1224 967 1287 enim
1002 1225 1116 1288 1113
1161 1225 1311 1289 bis
1357 1226 1447 1288 ad
1492 1225 1839 1289 eundem'
1886 1225 2138 1311 vulgari
2185 1248 2401 1310 repre-

364 1312 564 1376 hensa
616 1312 961 1395 proverbio
1017 1316 1128 1376 est.
1220 1311 1368 1397 Sin,
1432 1317 1505 1376 ut
1560 1313 1871 1397 scripsisti
1926 1314 2008 1376 ad
2061 1314 2401 1399 collegam,

365 1401 460 1463 ita
504 1421 570 1463 se
617 1422 718 1464 res
761 1400 977 1484 habet,
1029 1400 1206 1464 omni
1251 1422 1404 1465 cura
1446 1401 1705 1464 liberati
1752 1421 1971 1465 sumus
2016 1422 2133 1465 nec
2176 1405 2403 1465 tamen
2521 1410 2522 1415 ’

367 1488 605 1552 erimus
658 1488 864 1573 prius,
925 1510 1118 1573 quam
1171 1488 1266 1553 ita
1320 1510 1454 1553 esse
1506 1492 1581 1552 tu
1634 1510 1753 1552 nos
1796 1490 2024 1553 feceris
2070 1490 2400 1554 certiores.

365 1576 512 1641 Mea
566 1576 851 1661 quidem,
905 1580 980 1640 ut
1025 1576 1107 1640 ad
1157 1580 1224 1641 te
1271 1578 1523 1660 saepius
1569 1577 1820 1662 scripsi,
1873 1577 2032 1642 haec
2076 1579 2403 1642 sententia
2428 1594 2473 1634 1⁵

366 1668 489 1747 est,
546 1665 656 1748 qui
711 1665 1016 1749 reliquias
1069 1665 1262 1729 huius
1317 1665 1474 1729 belli
1530 1666 1944 1751 oppresserit,
1999 1687 2147 1729 eum
2191 1668 2403 1730 totius

365 1752 521 1816 belli
578 1753 1007 1818 confectorem
1061 1753 1227 1838 fore3
1288 1775 1480 1837 quem
1524 1756 1589 1818 te
1636 1757 1701 1817 et
1755 1756 1909 1837 opto
1954 1774 2090 1817 esse
2137 1757 2205 1817 et
2252 1776 2405 1819 con-

365 1841 497 1904 fido
542 1841 850 1905 futurum.
943 1840 1171 1906 Studia
1214 1863 1359 1905 mea
1403 1864 1555 1927 erga
1599 1845 1681 1926 te,
1729 1842 1963 1926 quibus
2009 1845 2179 1906 certe
2217 1844 2407 1906 nulla

366 1950 501 1993 esse
545 1930 792 1993 maiora
833 1933 1202 2014 potuerunt,
1245 1929 1372 1993 tibi
1417 1933 1552 1993 tam
1596 1932 1783 2015 grata
1827 1952 1979 2014 esse,
2032 1952 2229 2014 quam
2276 1952 2407 2017 ego

363 2017 588 2101 putavi
624 2018 780 2102 fore,
825 2018 1090 2081 minime
1126 2018 1330 2081 miror
1356 2017 1893 2101 vehementerque
1927 2019 2150 2082 laetor.
2218 2018 2405 2095 Quae
2430 2036 2475 2074 2⁰

365 2106 626 2190 quidem
670 2110 769 2190 tu,
831 2106 885 2169 si
931 2109 1101 2169 recte
1146 2106 1295 2169 istic
1340 2107 1491 2191 erit,
1544 2107 1791 2171 maiora
1836 2110 1901 2170 et
1945 2107 2252 2192 graviora
2297 2129 2407 2171 co-

364 2214 650 2279 gnosces.
739 2210 845 2257 1111
889 2194 968 2257 K.
1004 2192 1143 2258 Iun.

1291 2350 1463 2416 XXI.

702 2470 816 2526 Ser.
855 2472 919 2524 in
952 2473 1146 2527 castris
1173 2474 1325 2541 prid.
1362 2473 1451 2529 Id.
1490 2472 1636 2527 Mai.
1675 2491 1727 2527 α.
1770 2476 1873 2526 711
1916 2474 2053 2539 (43).

1013 2594 1343 2649 PLANCUS
1383 2594 1735 2649 CICERONI.
2433 2616 2475 2655 25

495 2720 776 2784 Puderet
839 2742 941 2784 me
1005 2720 1472 2784 inconstantiae
1534 2742 1821 2785 mearum
1879 2720 2282 2805 litterarum,
2350 2722 2407 2785 si

363 2831 496 2873 non
552 2808 712 2872 haec
770 2830 850 2871 ex
908 2807 1116 2871 aliena
1171 2809 1436 2874 levitate
1493 2809 1859 2893 penderent.
1960 2805 2196 2872 01111113
2257 2809 2409 2893 feci,

364 2919 492 2981 qua
536 2918 606 2960 re
649 2894 895 2979 Lepido
952 2897 1294 2960 coniuncto
1340 2896 1423 2959 ad
1466 2918 1602 2959 rem
1655 2920 1715 2980 p.
1764 2894 2238 2959 defendundam
2284 2898 2409 2961 mi—

363 3007 520 3049 nore
576 2983 1007 3048 sollicitudine
1053 2989 1266 3049 vestra
1309 2984 1579 3068 perditis
1623 2984 2012 3068 resisterem,
2074 2984 2299 3048 omnia
2346 2985 2407 3049 ei

365 3078 429 3137 et
473 3072 720 3158 petenti
766 3071 977 3155 recepi
1016 3076 1081 3135 et
1115 3073 1289 3137 ultro
1334 3072 1662 3157 pollicitus
1700 3094 1842 3136 sum
1880 3072 2236 3156 scripsique
2274 3073 2407 3136 tibi
2434 3090 2477 3129 ³⁰

363 3161 562 3225 biduo
628 3163 776 3223 ante
840 3160 1158 3225 confidere
1220 3182 1325 3224 me
1388 3160 1561 3224 bono
1618 3159 1865 3244 Lepido
1927 3182 2063 3223 esse
2128 3182 2408 3225 usurum

366 3249 816 3331 communique
864 3248 1132 3312 consilio
1178 3248 1423 3313 bellum
1462 3248 2073 3312 administraturum.
2137 3246 2407 3313 Credidi

365 3336 811 3421 chirographis
840 3336 994 3419 eiua,
1023 3336 1458 3400 adfirmationi
1484 3337 1838 3420 praesentis
1863 3335 2251 3422 Laterensis,
2290 3338 2409 3421 qui

363 3426 505 3485 tum
550 3425 721 3506 apud
763 3446 868 3487 me
914 3426 1050 3487 erat
1096 3424 1703 3508 reconciliaremque
1748 3447 1851 3488 me
1885 3423 2133 3509 Lepido
2178 3426 2409 3489 fidem—

366 3530 489 3591 que
542 3509 846 3574 haberem
903 3511 1143 3575 orabat.
1234 3511 1304 3578 N
1305 3534 1389 3575 on
1442 3512 1627 3576 licuit
1688 3512 1928 3577 diutius
1982 3512 2147 3578 bene
2195 3514 2277 3577 de
2324 3534 2405 3577 eo
2432 3528 2477 3568 ³⁵
