2567 3884
331 192 462 255 342
1067 194 1582 249 EPISTULARUM

328 338 433 399 tus
478 339 669 420 atque
718 335 946 420 optimi
1002 337 1307 420 cuiusque
1366 359 1500 401 esse
1556 337 1962 421 maximeque
2009 341 2222 420 tuum,
2284 338 2365 402 de

328 424 506 487 cuius
570 423 900 487 voluntate
964 424 1223 488 adsidue
1291 426 1609 489 audiendo
1671 425 1943 489 mirifice
2007 429 2072 489 te
2138 425 2365 511 diligit

328 532 670 595 carumque
714 511 925 575 habet.
1018 511 1143 588 Qui
1189 513 1245 576 si
1292 513 1684 578 intellexerit
1722 512 2056 577 commoda
2100 535 2218 576 sua
2254 535 2366 576 cu-

327 620 434 663 rae
477 599 602 662 tibi
649 620 801 682 esse,
851 599 1080 664 debere
1128 601 1324 664 etiam
1370 623 1438 665 se
1484 601 1609 664 tibi
1656 601 1871 665 omnia
1913 601 2185 684 putabit.

256 703 289 752 5
457 685 723 750 Litteris
784 687 1042 771 scriptis
1103 689 1276 751 audii
1333 688 1741 756 Dolabellam
1794 689 1863 752 in
1919 687 2212 754 Ciliciam
2256 711 2367 752 ve·
2418 707 2445 745 5

325 775 494 838 nisse
550 796 695 838 cum
751 775 885 838 suis
935 776 1153 860 copiis.
1244 775 1621 840 Proficiscar
1674 777 1743 839 in
1791 775 2096 840 Ciliciam.
2191 775 2369 853 Quid

329 863 596 948 egerim,
645 863 936 927 celeriter
980 868 1054 927 ut
1099 863 1288 948 scias,
1337 864 1501 928 dabo
1550 885 1833 948 operam3
1894 885 1967 928 ac
2010 865 2231 948 velim,
2289 869 2369 928 ut

333 972 658 1014 meremur
703 950 780 1015 de
825 973 893 1014 re
947 974 1035 1034 p.,
1091 953 1183 1016 sic
1236 952 1453 1016 felices
1500 952 1713 1015 simus,
1803 951 1931 1016 Fac
1974 953 2184 1016 valeas
2232 975 2371 1016 me-

340 1060 464 1121 que
511 1060 699 1102 ames„
788 1038 998 1105 Nonis
1043 1038 1232 1104 Maiis
1279 1061 1359 1104 ex
1404 1041 1644 1104 castris.

1245 1265 1423 1330 XIII.
2393 1287 2440 1324 ιο

522 1387 635 1442 Ser.
674 1389 738 1441 im
775 1386 954 1457 Cypro
994 1386 1461 1457 Orommyoacride
1497 1388 1583 1442 Id.
1623 1388 1755 1442 Iwn.
1794 1404 1845 1440 a.
1888 1391 1993 1441 '711
2034 1389 2163 1454 (43).

752 1508 808 1564 0.
850 1508 1136 1563 CAssms
1174 1508 1238 1574 Q.
1269 1509 1321 1563 s,
1359 1509 1425 1564 D.
1456 1509 1530 1564 M.
1572 1507 1925 1565 omnnem.
2530 1477 2532 1626 1

262 1673 288 1719 1
465 1651 526 1716 S.
573 1675 631 1717 v.
678 1652 738 1716 b
788 1675 836 1716 6.
884 1675 941 1716 v.
1037 1650 1199 1715 Cum
1254 1652 1350 1715 rei
1405 1675 1466 1736 p.
1517 1651 1621 1716 vel
1674 1652 1877 1716 salute
1930 1653 2033 1716 vel
2085 1651 2373 1716 victoria

329 1741 680 1842 gaudemus
717 1744 857 1804 tum
897 1740 1360 1803 instauratione
1397 1743 1658 1803 tuarum
1693 1739 1972 1822 laudum,
2019 1739 2192 1839 quod
2228 1763 2373 1804 ma-

328 1830 540 1893 ximus
595 1828 948 1892 consularis
1005 1829 1360 1892 maximum
1424 1828 1749 1890 consulem
1808 1831 1872 1890 te
1930 1829 2066 1910 ipse
2122 1827 2369 1913 vicisti,
2400 1846 2447 1885 15

329 1922 393 1980 et
436 1917 754 1981 laetamur
799 1919 862 1980 et
906 1916 1131 1980 mirari
1176 1915 1331 1978 satis
1367 1937 1498 1978 non
1542 1936 1895 1998 possumus.
1983 1914 2205 1979 Fatale
2254 1938 2371 1980 ne-

333 2006 464 2069 scio
521 2006 678 2089 quid
721 2008 870 2068 tuae
913 2004 1144 2068 virtuti
1191 2004 1437 2087 datum,
1498 2003 1566 2065 id
1619 2004 1792 2087 quod
1845 2024 2029 2087 saepe
2075 2003 2205 2066 iam
2256 2025 2371 2068 ex-

331 2093 501 2176 perti
547 2115 782 2156 sumus
873 2091 993 2156 Est
1048 2092 1218 2155 enim
1273 2095 1386 2154 tua
1443 2095 1597 2176 toga
1644 2091 1930 2154 omnium
1976 2091 2169 2154 armis
2217 2091 2371 2155 feli-

332 2181 494 2265 cior3
542 2202 703 2264 quae
748 2201 918 2243 nunc
963 2201 1218 2263 quoque
1261 2178 1451 2242 nobis
1495 2200 1695 2262 paene
1731 2179 1967 2242 victam
2004 2200 2138 2241 rem
2174 2201 2239 2261 p.
2282 2202 2371 2243 ex

329 2231 628 2331 manibus
683 2267 968 2332 hostium
1025 2266 1261 2350 eripuit
1317 2287 1389 2330 ac
1442 2266 1735 2330 reddidit.
1824 2265 2017 2331 Nunc
2062 2288 2217 2351 ergo
2268 2269 2371 2331 vi-

331 2377 553 2419 vemus
596 2355 813 2439 liberi,
860 2376 1029 2418 1111116
1074 2358 1166 2438 te,
1222 2355 1511 2418 omnium
1554 2355 1832 2418 maxime
1878 2354 2034 2418 civis
2080 2357 2146 2416 et
2189 2287 2450 2418 mihi2⁰

332 2443 674 2527 carissime,
720 2443 788 2505 id
833 2442 1006 2525 quod
1047 2441 1347 2506 maximis
1393 2441 1487 2505 rei
1532 2465 1591 2526 p.
1638 2442 1920 2521 tenebris
1966 2443 2371 2527 comperisti,

330 2552 501 2594 nunc
553 2535 618 2594 te
672 2530 1052 2594 habebimus
1106 2533 1337 2594 testem
1391 2531 1596 2594 nostri
1644 2533 1707 2594 et
1751 2530 1820 2593 in
1873 2533 1939 2593 te
1985 2533 2049 2593 et
2093 2529 2163 2592 in
2210 2551 2371 2594 con—

331 2619 796 2683 iunctissimam
843 2618 967 2681 tibi
1012 2639 1147 2682 rem
1191 2640 1252 2701 p.
1302 2617 1556 2701 amoriS,
1602 2621 1682 2702 et,
1730 2639 1891 2701 quae
1938 2637 2123 2701 saepe
2168 2618 2371 2699 polli-

333 2707 496 2771 citus
543 2729 609 2770 es
653 2711 718 2770 te
766 2710 830 2770 et
874 2706 1238 2790 taciturum,
1288 2706 1440 2768 dum
1476 2705 1873 2789 serviremus,
1920 2708 1985 2768 et
2030 2704 2369 2769 dicturum
2402 2723 2450 2762 25

334 2796 409 2859 de
452 2817 556 2859 me
601 2799 759 2880 tum,
806 2816 952 2858 cum
995 2794 1157 2857 mihi
1201 2795 1543 2877 profutura
1589 2797 1814 2876 essent,
1859 2814 2030 2855 nunc
2073 2792 2187 2855 illa
2224 2815 2369 2857 non

331 2905 452 2969 ego
501 2884 760 2967 quidem
815 2883 941 2946 dici
995 2886 1354 2982 tantopere
1386 2881 1759 2944 desiderabo
1808 2901 2001 2964 quam
2045 2880 2281 2944 sentiri
2330 2904 2372 2944 a

330 2975 396 3034 te
443 2971 600 3054 ipsc.
690 2970 918 3055 Neque
964 2970 1134 3033 enim
1183 2969 1471 3033 omnium
1516 2968 1754 3032 iudicio
1800 2967 2023 3032 malim
2065 2989 2171 3031 me
2216 2991 2261 3032 a
2298 2972 2370 3032 te

333 3059 765 3123 commendari
813 3081 1004 3143 quam
1058 3059 1194 3142 ipse
1239 3061 1354 3120 tuo
1410 3057 1647 3120 iudicio
1695 3056 1914 3141 digne,
1968 3076 2043 3118 ac
2084 3076 2368 3140 mereor,

330 3147 808 3211 commendatus
855 3168 1006 3230 esse,
1051 3153 1124 3209 ut
1168 3145 1328 3208 haec
1370 3145 1718 3208 novissima
1762 3148 1983 3208 nostra
2018 3144 2189 3207 facta
2224 3165 2369 3208 non
2398 3163 2449 3200 ³0

329 3234 544 3299 subita
577 3255 696 3298 1166
733 3234 1191 3316 convenientia,
1238 3232 1351 3295 sed
1386 3231 1623 3295 similia
1667 3231 1797 3296 illis
1834 3230 2369 3317 cogitationibus„

330 3344 601 3405 quarum
646 3326 718 3386 tu
765 3323 946 3386 testis
993 3344 1085 3405 es,
1131 3319 1328 3384 fuisse
1373 3319 1613 3384 iudices
1657 3341 1888 3420 meque
1925 3318 2007 3382 ad
2044 3318 2369 3402 optimam

329 3431 508 3491 spem
579 3410 824 3492 patriae
887 3431 1015 3473 non
1078 3407 1420 3473 minimum
1490 3408 1614 3471 tibi
1678 3408 1802 3492 ipsi
1874 3406 2369 3491 producendum

258 3511 290 3557 2
327 3499 529 3577 putes.
625 3496 789 3560 Sunt
834 3497 983 3581 tibi,
1038 3496 1123 3559 M
1169 3495 1372 3580 Tulli,
1417 3495 1608 3559 liberi
1652 3495 2127 3580 propinquique
2176 3494 2371 3581 digni
