<?xml version="1.0" encoding="UTF-8"?>
<!DOCTYPE html PUBLIC "-//W3C//DTD XHTML 1.0 Transitional//EN"
    "http://www.w3.org/TR/xhtml1/DTD/xhtml1-transitional.dtd">
<html xmlns="http://www.w3.org/1999/xhtml" xml:lang="en" lang="en">
 <head>
  <title>
</title>
<meta http-equiv="Content-Type" content="text/html;charset=utf-8" />
  <meta name='ocr-system' content='tesseract 3.04.00' />
  <meta name='ocr-capabilities' content='ocr_page ocr_carea ocr_par ocr_line ocrx_word'/>
</head>
<body>
  <div class='ocr_page' id='page_1' title='image "./scriptaquaemans02mlgoog_0374.png"; bbox 0 0 2567 3884; ppageno 0'>
   <div class='ocr_carea' id='block_1_1' title="bbox 256 3271 283 3320">
    <p class='ocr_par' dir='ltr' id='par_1_1' title="bbox 256 3271 283 3320">
     <span class='ocr_line' id='line_1_1' title="bbox 256 3271 283 3320; baseline 0 -2"><span class='ocrx_word' id='word_1_1' title='bbox 256 3271 283 3320; x_wconf 88' lang='lat'>1</span> 
     </span>
    </p>
   </div>
   <div class='ocr_carea' id='block_1_2' title="bbox 348 205 1623 269">
    <p class='ocr_par' dir='ltr' id='par_1_2' title="bbox 348 205 1623 269">
     <span class='ocr_line' id='line_1_2' title="bbox 348 205 1623 269; baseline -0.006 0"><span class='ocrx_word' id='word_1_2' title='bbox 348 205 480 269; x_wconf 78' lang='grc'><strong>282</strong></span> <span class='ocrx_word' id='word_1_3' title='bbox 1109 207 1623 262; x_wconf 84' lang='lat' dir='ltr'><strong>EPISTULARUM</strong></span> 
     </span>
    </p>
   </div>
   <div class='ocr_carea' id='block_1_3' title="bbox 338 350 2450 1318">
    <p class='ocr_par' dir='ltr' id='par_1_3' title="bbox 338 350 2450 1318">
     <span class='ocr_line' id='line_1_3' title="bbox 346 350 2378 435; baseline 0.002 -23"><span class='ocrx_word' id='word_1_4' title='bbox 346 350 550 413; x_wconf 89' lang='lat' dir='ltr'><strong>citum</strong></span> <span class='ocrx_word' id='word_1_5' title='bbox 593 350 752 414; x_wconf 88' lang='lat' dir='ltr'><strong>locis</strong></span> <span class='ocrx_word' id='word_1_6' title='bbox 797 350 1070 414; x_wconf 87' lang='lat' dir='ltr'><strong>habeam</strong></span> <span class='ocrx_word' id='word_1_7' title='bbox 1118 351 1517 435; x_wconf 87' lang='lat' dir='ltr'><strong>opportunis,</strong></span> <span class='ocrx_word' id='word_1_8' title='bbox 1562 351 1964 435; x_wconf 83' lang='lat' dir='ltr'><strong>provinciam</strong></span> <span class='ocrx_word' id='word_1_9' title='bbox 2008 355 2217 435; x_wconf 90' lang='lat' dir='ltr'><strong>tuear,</strong></span> <span class='ocrx_word' id='word_1_10' title='bbox 2265 353 2378 416; x_wconf 90' lang='lat' dir='ltr'><strong>eti-</strong></span> 
     </span>
     <span class='ocr_line' id='line_1_4' title="bbox 347 438 2376 525; baseline 0.002 -25"><span class='ocrx_word' id='word_1_11' title='bbox 347 438 508 500; x_wconf 84' lang='lat' dir='ltr'><strong>amsi</strong></span> <span class='ocrx_word' id='word_1_12' title='bbox 555 438 663 501; x_wconf 89' lang='lat' dir='ltr'><strong>ille</strong></span> <span class='ocrx_word' id='word_1_13' title='bbox 709 439 1027 502; x_wconf 84' lang='lat' dir='ltr'><strong>exercitus</strong></span> <span class='ocrx_word' id='word_1_14' title='bbox 1074 438 1387 522; x_wconf 89' lang='lat' dir='ltr'><strong>descierit,</strong></span> <span class='ocrx_word' id='word_1_15' title='bbox 1435 438 1775 522; x_wconf 84' lang='lat' dir='ltr'>omniaque</span> <span class='ocrx_word' id='word_1_16' title='bbox 1812 439 2067 525; x_wconf 90' lang='lat' dir='ltr'><strong>integra</strong></span> <span class='ocrx_word' id='word_1_17' title='bbox 2112 462 2376 525; x_wconf 83' lang='lat' dir='ltr'><strong>servem,</strong></span> 
     </span>
     <span class='ocr_line' id='line_1_5' title="bbox 348 526 2377 612; baseline 0.002 -24"><span class='ocrx_word' id='word_1_18' title='bbox 348 526 513 590; x_wconf 91' lang='lat' dir='ltr'><strong>dabo</strong></span> <span class='ocrx_word' id='word_1_19' title='bbox 553 547 830 611; x_wconf 83' lang='lat' dir='ltr'><strong>operam,</strong></span> <span class='ocrx_word' id='word_1_20' title='bbox 879 526 1091 609; x_wconf 89' lang='lat' dir='ltr'><strong>quoad</strong></span> <span class='ocrx_word' id='word_1_21' title='bbox 1127 527 1444 590; x_wconf 83' lang='lat' dir='ltr'><strong>exercitus</strong></span> <span class='ocrx_word' id='word_1_22' title='bbox 1484 527 1610 590; x_wconf 90' lang='lat' dir='ltr'><strong>hoc</strong></span> <span class='ocrx_word' id='word_1_23' title='bbox 1646 528 2065 592; x_wconf 71' lang='lat' dir='ltr'><strong>summittatis</strong></span> <span class='ocrx_word' id='word_1_24' title='bbox 2108 528 2377 612; x_wconf 90' lang='lat' dir='ltr'><strong>parique</strong></span> 
     </span>
     <span class='ocr_line' id='line_1_6' title="bbox 345 614 2376 702; baseline 0.001 -25"><span class='ocrx_word' id='word_1_25' title='bbox 345 614 651 678; x_wconf 88' lang='lat' dir='ltr'><strong>felicitate</strong></span> <span class='ocrx_word' id='word_1_26' title='bbox 697 636 834 678; x_wconf 90' lang='lat' dir='ltr'><strong>rem</strong></span> <span class='ocrx_word' id='word_1_27' title='bbox 877 637 938 698; x_wconf 91' lang='lat' dir='ltr'><strong>p.</strong></span> <span class='ocrx_word' id='word_1_28' title='bbox 975 614 1084 678; x_wconf 86' lang='lat' dir='ltr'><strong>hic</strong></span> <span class='ocrx_word' id='word_1_29' title='bbox 1116 614 1472 679; x_wconf 77' lang='lat' dir='ltr'><strong>vindicetis,</strong></span> <span class='ocrx_word' id='word_1_30' title='bbox 1562 614 1699 680; x_wconf 91' lang='lat' dir='ltr'><strong>Nec</strong></span> <span class='ocrx_word' id='word_1_31' title='bbox 1746 616 2128 702; x_wconf 85' lang='lat' dir='ltr'><strong>depugnare,</strong></span> <span class='ocrx_word' id='word_1_32' title='bbox 2176 617 2230 680; x_wconf 89' lang='lat' dir='ltr'><strong>si</strong></span> <span class='ocrx_word' id='word_1_33' title='bbox 2277 637 2376 680; x_wconf 93' lang='lat' dir='ltr'><strong>oc-</strong></span> 
     </span>
     <span class='ocr_line' id='line_1_7' title="bbox 345 702 2450 789; baseline 0.002 -24"><span class='ocrx_word' id='word_1_34' title='bbox 345 703 516 766; x_wconf 89' lang='lat' dir='ltr'><strong>casio</strong></span> <span class='ocrx_word' id='word_1_35' title='bbox 563 702 804 787; x_wconf 91' lang='lat' dir='ltr'><strong>tulerit,</strong></span> <span class='ocrx_word' id='word_1_36' title='bbox 849 723 970 766; x_wconf 91' lang='lat' dir='ltr'><strong>nec</strong></span> <span class='ocrx_word' id='word_1_37' title='bbox 1016 702 1315 786; x_wconf 84' lang='lat' dir='ltr'><strong>obsideri,</strong></span> <span class='ocrx_word' id='word_1_38' title='bbox 1367 703 1422 766; x_wconf 92' lang='lat' dir='ltr'><strong>si</strong></span> <span class='ocrx_word' id='word_1_39' title='bbox 1466 724 1721 767; x_wconf 89' lang='lat' dir='ltr'><strong>necesse</strong></span> <span class='ocrx_word' id='word_1_40' title='bbox 1767 703 1981 789; x_wconf 87' lang='lat' dir='ltr'><strong>fuerit,</strong></span> <span class='ocrx_word' id='word_1_41' title='bbox 2027 726 2145 768; x_wconf 90' lang='lat' dir='ltr'><strong>nec</strong></span> <span class='ocrx_word' id='word_1_42' title='bbox 2188 705 2375 789; x_wconf 88' lang='lat' dir='ltr'><strong>mori,</strong></span> <span class='ocrx_word' id='word_1_43' title='bbox 2427 720 2450 760; x_wconf 85' lang='lat'><strong>5</strong></span> 
     </span>
     <span class='ocr_line' id='line_1_8' title="bbox 343 790 2372 876; baseline 0.001 -23"><span class='ocrx_word' id='word_1_44' title='bbox 343 791 400 853; x_wconf 89' lang='lat' dir='ltr'><strong>si</strong></span> <span class='ocrx_word' id='word_1_45' title='bbox 446 811 628 854; x_wconf 88' lang='lat' dir='ltr'><strong>casus</strong></span> <span class='ocrx_word' id='word_1_46' title='bbox 686 790 1011 875; x_wconf 89' lang='lat' dir='ltr'><strong>inciderit,</strong></span> <span class='ocrx_word' id='word_1_47' title='bbox 1071 812 1189 873; x_wconf 87' lang='lat' dir='ltr'><strong>pro</strong></span> <span class='ocrx_word' id='word_1_48' title='bbox 1244 791 1432 855; x_wconf 83' lang='lat' dir='ltr'><strong>vobis</strong></span> <span class='ocrx_word' id='word_1_49' title='bbox 1484 791 1772 874; x_wconf 82' lang='lat' dir='ltr'><strong>paratior</strong></span> <span class='ocrx_word' id='word_1_50' title='bbox 1830 792 1957 855; x_wconf 78' lang='lat' dir='ltr'><strong>fuit</strong></span> <span class='ocrx_word' id='word_1_51' title='bbox 2016 793 2372 876; x_wconf 86' lang='lat' dir='ltr'><strong>quisquam.</strong></span> 
     </span>
     <span class='ocr_line' id='line_1_9' title="bbox 343 877 2371 963; baseline 0.001 -21"><span class='ocrx_word' id='word_1_52' title='bbox 343 877 552 954; x_wconf 85' lang='lat' dir='ltr'><strong>Quare</strong></span> <span class='ocrx_word' id='word_1_53' title='bbox 588 878 818 942; x_wconf 87' lang='lat' dir='ltr'><strong>hortor</strong></span> <span class='ocrx_word' id='word_1_54' title='bbox 852 882 936 962; x_wconf 89' lang='lat' dir='ltr'><strong>te,</strong></span> <span class='ocrx_word' id='word_1_55' title='bbox 980 878 1073 941; x_wconf 90' lang='lat' dir='ltr'><strong>mi</strong></span> <span class='ocrx_word' id='word_1_56' title='bbox 1103 877 1345 963; x_wconf 89' lang='lat' dir='ltr'><strong>Cicer0,</strong></span> <span class='ocrx_word' id='word_1_57' title='bbox 1392 879 1744 945; x_wconf 85' lang='lat' dir='ltr'><strong>exercitum</strong></span> <span class='ocrx_word' id='word_1_58' title='bbox 1788 879 1914 943; x_wconf 88' lang='lat' dir='ltr'><strong>hoc</strong></span> <span class='ocrx_word' id='word_1_59' title='bbox 1949 881 2371 944; x_wconf 90' lang='lat' dir='ltr'><strong>traiciendum</strong></span> 
     </span>
     <span class='ocr_line' id='line_1_10' title="bbox 343 967 2371 1067; baseline 0.002 -39"><span class='ocrx_word' id='word_1_60' title='bbox 343 988 537 1067; x_wconf 85' lang='lat' dir='ltr'><strong>quam</strong></span> <span class='ocrx_word' id='word_1_61' title='bbox 593 967 878 1051; x_wconf 90' lang='lat' dir='ltr'><strong>primum</strong></span> <span class='ocrx_word' id='word_1_62' title='bbox 941 987 1123 1030; x_wconf 87' lang='lat' dir='ltr'><strong>cures</strong></span> <span class='ocrx_word' id='word_1_63' title='bbox 1188 971 1252 1042; x_wconf 83' lang='lat' dir='ltr'><strong>et</strong></span> <span class='ocrx_word' id='word_1_64' title='bbox 1323 971 1633 1052; x_wconf 86' lang='lat' dir='ltr'><strong>matures,</strong></span> <span class='ocrx_word' id='word_1_65' title='bbox 1705 967 2080 1052; x_wconf 86' lang='lat' dir='ltr'><strong>priusquam</strong></span> <span class='ocrx_word' id='word_1_66' title='bbox 2152 969 2371 1033; x_wconf 86' lang='lat' dir='ltr'><strong>hostes</strong></span> 
     </span>
     <span class='ocr_line' id='line_1_11' title="bbox 339 1054 2369 1157; baseline 0.001 -40"><span class='ocrx_word' id='word_1_67' title='bbox 339 1055 548 1155; x_wconf 82' lang='lat' dir='ltr'><strong>magis</strong></span> <span class='ocrx_word' id='word_1_68' title='bbox 594 1054 1128 1138; x_wconf 79' lang='lat' dir='ltr'><strong>conroborentur,</strong></span> <span class='ocrx_word' id='word_1_69' title='bbox 1190 1059 1255 1118; x_wconf 86' lang='lat' dir='ltr'><strong>et</strong></span> <span class='ocrx_word' id='word_1_70' title='bbox 1299 1055 1507 1119; x_wconf 88' lang='lat' dir='ltr'><strong>nostri</strong></span> <span class='ocrx_word' id='word_1_71' title='bbox 1551 1056 2028 1157; x_wconf 86' lang='lat' dir='ltr'><strong>perturbentur.</strong></span> <span class='ocrx_word' id='word_1_72' title='bbox 2118 1055 2197 1122; x_wconf 94' lang='lat' dir='ltr'><strong>In</strong></span> <span class='ocrx_word' id='word_1_73' title='bbox 2243 1079 2369 1141; x_wconf 88' lang='lat' dir='ltr'><strong>quo</strong></span> 
     </span>
     <span class='ocr_line' id='line_1_12' title="bbox 338 1142 2447 1227; baseline 0.002 -22"><span class='ocrx_word' id='word_1_74' title='bbox 338 1143 395 1205; x_wconf 92' lang='lat' dir='ltr'><strong>si</strong></span> <span class='ocrx_word' id='word_1_75' title='bbox 443 1143 734 1206; x_wconf 84' lang='lat' dir='ltr'><strong>celeritas</strong></span> <span class='ocrx_word' id='word_1_76' title='bbox 789 1143 913 1206; x_wconf 90' lang='lat' dir='ltr'><strong>erit</strong></span> <span class='ocrx_word' id='word_1_77' title='bbox 967 1142 1283 1226; x_wconf 78' lang='lat' dir='ltr'><strong>adhibita,</strong></span> <span class='ocrx_word' id='word_1_78' title='bbox 1341 1165 1441 1206; x_wconf 87' lang='lat' dir='ltr'><strong>res</strong></span> <span class='ocrx_word' id='word_1_79' title='bbox 1494 1166 1555 1226; x_wconf 91' lang='lat' dir='ltr'><strong>p.</strong></span> <span class='ocrx_word' id='word_1_80' title='bbox 1612 1144 1680 1207; x_wconf 88' lang='lat' dir='ltr'><strong>in</strong></span> <span class='ocrx_word' id='word_1_81' title='bbox 1727 1145 2128 1227; x_wconf 87' lang='lat' dir='ltr'><strong>possessione</strong></span> <span class='ocrx_word' id='word_1_82' title='bbox 2172 1145 2447 1210; x_wconf 80' lang='lat' dir='ltr'><strong>victo-1⁰</strong></span> 
     </span>
     <span class='ocr_line' id='line_1_13' title="bbox 339 1229 2370 1318; baseline 0.002 -26"><span class='ocrx_word' id='word_1_83' title='bbox 339 1230 472 1294; x_wconf 88' lang='lat' dir='ltr'><strong>riae</strong></span> <span class='ocrx_word' id='word_1_84' title='bbox 533 1231 758 1294; x_wconf 89' lang='lat' dir='ltr'><strong>deletis</strong></span> <span class='ocrx_word' id='word_1_85' title='bbox 821 1229 1144 1295; x_wconf 87' lang='lat' dir='ltr'><strong>sceleratis</strong></span> <span class='ocrx_word' id='word_1_86' title='bbox 1202 1231 1621 1316; x_wconf 89' lang='lat' dir='ltr'><strong>permanebit.</strong></span> <span class='ocrx_word' id='word_1_87' title='bbox 1714 1231 1842 1295; x_wconf 87' lang='lat' dir='ltr'><strong>Fac</strong></span> <span class='ocrx_word' id='word_1_88' title='bbox 1886 1233 2098 1296; x_wconf 83' lang='lat' dir='ltr'><strong>valeas</strong></span> <span class='ocrx_word' id='word_1_89' title='bbox 2143 1255 2370 1318; x_wconf 88' lang='lat' dir='ltr'><strong>meque</strong></span> 
     </span>
    </p>
   </div>
   <div class='ocr_carea' id='block_1_4' title="bbox 337 1318 588 1404">
    <p class='ocr_par' dir='ltr' id='par_1_4' title="bbox 337 1318 588 1404">
     <span class='ocr_line' id='line_1_14' title="bbox 337 1318 588 1404; baseline 0.008 -24"><span class='ocrx_word' id='word_1_90' title='bbox 337 1318 588 1404; x_wconf 84' lang='lat' dir='ltr'><strong>diligas.</strong></span> 
     </span>
    </p>
   </div>
   <div class='ocr_carea' id='block_1_5' title="bbox 907 1475 1788 1666">
    <p class='ocr_par' dir='ltr' id='par_1_5' title="bbox 907 1475 1788 1666">
     <span class='ocr_line' id='line_1_15' title="bbox 1244 1475 1473 1540; baseline 0 0"><span class='ocrx_word' id='word_1_91' title='bbox 1244 1475 1400 1540; x_wconf 91' lang='lat' dir='ltr'><strong>XXI</strong></span> <span class='ocrx_word' id='word_1_92' title='bbox 1419 1499 1473 1540; x_wconf 90' lang='lat' dir='ltr'><strong>a.</strong></span> 
     </span>
     <span class='ocr_line' id='line_1_16' title="bbox 907 1596 1788 1666; baseline 0 -14"><span class='ocrx_word' id='word_1_93' title='bbox 907 1596 1024 1652; x_wconf 81' lang='lat' dir='ltr'><strong>Sor.</strong></span> <span class='ocrx_word' id='word_1_94' title='bbox 1074 1598 1250 1665; x_wconf 73' lang='lat' dir='ltr'><strong>paulo</strong></span> <span class='ocrx_word' id='word_1_95' title='bbox 1298 1603 1426 1665; x_wconf 75' lang='lat' dir='ltr'><strong>post</strong></span> <span class='ocrx_word' id='word_1_96' title='bbox 1478 1614 1559 1666; x_wconf 79' lang='lat' dir='ltr'><strong>ep.</strong></span> <span class='ocrx_word' id='word_1_97' title='bbox 1619 1597 1788 1652; x_wconf 88' lang='lat' dir='ltr'><strong>XXI.</strong></span> 
     </span>
    </p>
   </div>
   <div class='ocr_carea' id='block_1_6' title="bbox 941 1719 2443 1788">
    <p class='ocr_par' dir='ltr' id='par_1_6' title="bbox 941 1719 2443 1788">
     <span class='ocr_line' id='line_1_17' title="bbox 941 1719 2443 1788; baseline 0.003 -15"><span class='ocrx_word' id='word_1_98' title='bbox 941 1719 1312 1788; x_wconf 66' lang='lat' dir='ltr'><strong><em>RLANOUS</em></strong></span> <span class='ocrx_word' id='word_1_99' title='bbox 1346 1719 1746 1775; x_wconf 78' lang='lat' dir='ltr'><strong>CICERONI.</strong></span> <span class='ocrx_word' id='word_1_100' title='bbox 2394 1738 2443 1778; x_wconf 79' lang='lat'><strong>1⁵</strong></span> 
     </span>
    </p>
   </div>
   <div class='ocr_carea' id='block_1_7' title="bbox 329 1845 2440 2704">
    <p class='ocr_par' dir='ltr' id='par_1_7' title="bbox 329 1845 2440 2704">
     <span class='ocr_line' id='line_1_18' title="bbox 468 1845 2367 1930; baseline 0.001 -21"><span class='ocrx_word' id='word_1_101' title='bbox 468 1845 762 1910; x_wconf 86' lang='lat' dir='ltr'><strong>Fratrem</strong></span> <span class='ocrx_word' id='word_1_102' title='bbox 807 1867 1023 1909; x_wconf 91' lang='lat' dir='ltr'><strong>meum</strong></span> <span class='ocrx_word' id='word_1_103' title='bbox 1069 1845 1218 1930; x_wconf 91' lang='lat' dir='ltr'><strong>tibi,</strong></span> <span class='ocrx_word' id='word_1_104' title='bbox 1274 1845 1701 1909; x_wconf 84' lang='lat' dir='ltr'><strong>fortissimum</strong></span> <span class='ocrx_word' id='word_1_105' title='bbox 1748 1846 1953 1910; x_wconf 87' lang='lat' dir='ltr'><strong>civem</strong></span> <span class='ocrx_word' id='word_1_106' title='bbox 1999 1849 2063 1910; x_wconf 92' lang='lat' dir='ltr'><strong>et</strong></span> <span class='ocrx_word' id='word_1_107' title='bbox 2110 1847 2193 1910; x_wconf 89' lang='lat' dir='ltr'><strong>ad</strong></span> <span class='ocrx_word' id='word_1_108' title='bbox 2239 1869 2367 1911; x_wconf 88' lang='lat' dir='ltr'><strong>om-</strong></span> 
     </span>
     <span class='ocr_line' id='line_1_19' title="bbox 335 1933 2367 2018; baseline 0 -21"><span class='ocrx_word' id='word_1_109' title='bbox 335 1933 444 1997; x_wconf 88' lang='lat' dir='ltr'><strong>nia</strong></span> <span class='ocrx_word' id='word_1_110' title='bbox 497 1934 1006 2018; x_wconf 86' lang='lat' dir='ltr'><strong>paratissimum,</strong></span> <span class='ocrx_word' id='word_1_111' title='bbox 1063 1955 1357 1997; x_wconf 83' lang='lat' dir='ltr'><strong>excusem</strong></span> <span class='ocrx_word' id='word_1_112' title='bbox 1412 1933 1693 1997; x_wconf 85' lang='lat' dir='ltr'><strong>litteris‘?</strong></span> <span class='ocrx_word' id='word_1_113' title='bbox 1748 1935 1861 2017; x_wconf 91' lang='lat' dir='ltr'><strong>qui</strong></span> <span class='ocrx_word' id='word_1_114' title='bbox 1908 1956 1987 1998; x_wconf 84' lang='lat' dir='ltr'><strong>ex</strong></span> <span class='ocrx_word' id='word_1_115' title='bbox 2029 1934 2254 2000; x_wconf 91' lang='lat' dir='ltr'><strong>labore</strong></span> <span class='ocrx_word' id='word_1_116' title='bbox 2300 1936 2367 1998; x_wconf 91' lang='lat' dir='ltr'><strong>in</strong></span> 
     </span>
     <span class='ocr_line' id='line_1_20' title="bbox 335 2021 2367 2086; baseline 0 -1"><span class='ocrx_word' id='word_1_117' title='bbox 335 2022 714 2086; x_wconf 86' lang='lat' dir='ltr'><strong>febriculam</strong></span> <span class='ocrx_word' id='word_1_118' title='bbox 767 2022 994 2086; x_wconf 90' lang='lat' dir='ltr'><strong>incidit</strong></span> <span class='ocrx_word' id='word_1_119' title='bbox 1051 2022 1371 2085; x_wconf 86' lang='lat' dir='ltr'><strong>assiduam</strong></span> <span class='ocrx_word' id='word_1_120' title='bbox 1426 2024 1491 2086; x_wconf 90' lang='lat' dir='ltr'><strong>et</strong></span> <span class='ocrx_word' id='word_1_121' title='bbox 1544 2022 1700 2086; x_wconf 88' lang='lat' dir='ltr'><strong>satis</strong></span> <span class='ocrx_word' id='word_1_122' title='bbox 1754 2022 2109 2086; x_wconf 84' lang='lat' dir='ltr'><strong>molestam.</strong></span> <span class='ocrx_word' id='word_1_123' title='bbox 2204 2021 2367 2086; x_wconf 90' lang='lat' dir='ltr'><strong>Cum</strong></span> 
     </span>
     <span class='ocr_line' id='line_1_21' title="bbox 331 2110 2364 2195; baseline 0.001 -22"><span class='ocrx_word' id='word_1_124' title='bbox 331 2110 616 2193; x_wconf 86' lang='lat' dir='ltr'><strong>primum</strong></span> <span class='ocrx_word' id='word_1_125' title='bbox 659 2111 918 2195; x_wconf 87' lang='lat' dir='ltr'><strong>poterit,</strong></span> <span class='ocrx_word' id='word_1_126' title='bbox 963 2110 1128 2173; x_wconf 85' lang='lat' dir='ltr'><strong>istoc</strong></span> <span class='ocrx_word' id='word_1_127' title='bbox 1170 2131 1497 2173; x_wconf 89' lang='lat' dir='ltr'><strong>recurrere</strong></span> <span class='ocrx_word' id='word_1_128' title='bbox 1541 2131 1672 2174; x_wconf 90' lang='lat' dir='ltr'><strong>non</strong></span> <span class='ocrx_word' id='word_1_129' title='bbox 1720 2111 2062 2193; x_wconf 88' lang='lat' dir='ltr'><strong>dubitabit,</strong></span> <span class='ocrx_word' id='word_1_130' title='bbox 2108 2132 2189 2174; x_wconf 87' lang='lat' dir='ltr'><strong>ne</strong></span> <span class='ocrx_word' id='word_1_131' title='bbox 2236 2133 2364 2194; x_wconf 89' lang='lat' dir='ltr'><strong>quo</strong></span> 
     </span>
     <span class='ocr_line' id='line_1_22' title="bbox 331 2197 2440 2283; baseline 0.001 -23"><span class='ocrx_word' id='word_1_132' title='bbox 331 2198 475 2261; x_wconf 93' lang='lat' dir='ltr'><strong>loco</strong></span> <span class='ocrx_word' id='word_1_133' title='bbox 521 2199 615 2262; x_wconf 90' lang='lat' dir='ltr'><strong>rei</strong></span> <span class='ocrx_word' id='word_1_134' title='bbox 659 2222 720 2283; x_wconf 90' lang='lat' dir='ltr'><strong>p.</strong></span> <span class='ocrx_word' id='word_1_135' title='bbox 762 2198 940 2262; x_wconf 86' lang='lat' dir='ltr'><strong>desit.</strong></span> <span class='ocrx_word' id='word_1_136' title='bbox 1031 2197 1242 2261; x_wconf 88' lang='lat' dir='ltr'><strong>Meam</strong></span> <span class='ocrx_word' id='word_1_137' title='bbox 1282 2197 1665 2283; x_wconf 89' lang='lat' dir='ltr'><strong>dignitatem</strong></span> <span class='ocrx_word' id='word_1_138' title='bbox 1711 2199 2222 2263; x_wconf 88' lang='lat' dir='ltr'><strong>commendatam</strong></span> <span class='ocrx_word' id='word_1_139' title='bbox 2257 2199 2365 2263; x_wconf 86' lang='lat' dir='ltr'><strong>ha·</strong></span> <span class='ocrx_word' id='word_1_140' title='bbox 2391 2215 2440 2254; x_wconf 78' lang='lat'><strong>20</strong></span> 
     </span>
     <span class='ocr_line' id='line_1_23' title="bbox 332 2285 2365 2372; baseline 0.001 -24"><span class='ocrx_word' id='word_1_141' title='bbox 332 2285 502 2369; x_wconf 74' lang='lat' dir='ltr'><strong>beaS,</strong></span> <span class='ocrx_word' id='word_1_142' title='bbox 549 2307 725 2372; x_wconf 78' lang='lat' dir='ltr'><strong>rogo,</strong></span> <span class='ocrx_word' id='word_1_143' title='bbox 820 2285 1282 2368; x_wconf 85' lang='lat' dir='ltr'><strong>Concupiscere</strong></span> <span class='ocrx_word' id='word_1_144' title='bbox 1332 2307 1439 2348; x_wconf 88' lang='lat' dir='ltr'><strong>me</strong></span> <span class='ocrx_word' id='word_1_145' title='bbox 1491 2285 1659 2349; x_wconf 90' lang='lat' dir='ltr'><strong>nihil</strong></span> <span class='ocrx_word' id='word_1_146' title='bbox 1705 2289 1986 2371; x_wconf 87' lang='lat' dir='ltr'><strong>oportet3</strong></span> <span class='ocrx_word' id='word_1_147' title='bbox 2044 2286 2255 2351; x_wconf 90' lang='lat' dir='ltr'><strong>habeo</strong></span> <span class='ocrx_word' id='word_1_148' title='bbox 2300 2291 2365 2351; x_wconf 91' lang='lat' dir='ltr'><strong>te</strong></span> 
     </span>
     <span class='ocr_line' id='line_1_24' title="bbox 333 2373 2365 2459; baseline 0.002 -23"><span class='ocrx_word' id='word_1_149' title='bbox 333 2375 398 2436; x_wconf 90' lang='lat' dir='ltr'><strong>et</strong></span> <span class='ocrx_word' id='word_1_150' title='bbox 445 2374 954 2438; x_wconf 87' lang='lat' dir='ltr'><strong>amantissimum</strong></span> <span class='ocrx_word' id='word_1_151' title='bbox 999 2374 1128 2437; x_wconf 90' lang='lat' dir='ltr'><strong>mei</strong></span> <span class='ocrx_word' id='word_1_152' title='bbox 1173 2377 1268 2458; x_wconf 85' lang='lat' dir='ltr'><strong>et,</strong></span> <span class='ocrx_word' id='word_1_153' title='bbox 1317 2373 1490 2456; x_wconf 89' lang='lat' dir='ltr'><strong>quod</strong></span> <span class='ocrx_word' id='word_1_154' title='bbox 1537 2375 1773 2459; x_wconf 86' lang='lat' dir='ltr'><strong>optavi,</strong></span> <span class='ocrx_word' id='word_1_155' title='bbox 1820 2397 2105 2440; x_wconf 89' lang='lat' dir='ltr'><strong>summae</strong></span> <span class='ocrx_word' id='word_1_156' title='bbox 2152 2379 2365 2440; x_wconf 84' lang='lat' dir='ltr'><strong>aucto-</strong></span> 
     </span>
     <span class='ocr_line' id='line_1_25' title="bbox 333 2461 2365 2547; baseline 0.001 -23"><span class='ocrx_word' id='word_1_157' title='bbox 333 2461 570 2547; x_wconf 83' lang='lat' dir='ltr'><strong>ritatis3</strong></span> <span class='ocrx_word' id='word_1_158' title='bbox 624 2466 697 2527; x_wconf 91' lang='lat' dir='ltr'><strong>tu</strong></span> <span class='ocrx_word' id='word_1_159' title='bbox 752 2462 1016 2546; x_wconf 76' lang='lat' dir='ltr'><strong>viderie,</strong></span> <span class='ocrx_word' id='word_1_160' title='bbox 1071 2466 1385 2545; x_wconf 88' lang='lat' dir='ltr'><strong>quantum</strong></span> <span class='ocrx_word' id='word_1_161' title='bbox 1445 2465 1511 2526; x_wconf 88' lang='lat' dir='ltr'><strong>et</strong></span> <span class='ocrx_word' id='word_1_162' title='bbox 1570 2463 1827 2546; x_wconf 90' lang='lat' dir='ltr'><strong>quando</strong></span> <span class='ocrx_word' id='word_1_163' title='bbox 1886 2466 2073 2526; x_wconf 91' lang='lat' dir='ltr'><strong>tuum</strong></span> <span class='ocrx_word' id='word_1_164' title='bbox 2131 2485 2365 2527; x_wconf 88' lang='lat' dir='ltr'><strong>munus</strong></span> 
     </span>
     <span class='ocr_line' id='line_1_26' title="bbox 330 2549 2363 2636; baseline 0.001 -24"><span class='ocrx_word' id='word_1_165' title='bbox 330 2550 504 2633; x_wconf 88' lang='lat' dir='ltr'><strong>apud</strong></span> <span class='ocrx_word' id='word_1_166' title='bbox 547 2571 650 2614; x_wconf 91' lang='lat' dir='ltr'><strong>me</strong></span> <span class='ocrx_word' id='word_1_167' title='bbox 696 2550 856 2614; x_wconf 85' lang='lat' dir='ltr'><strong>velis</strong></span> <span class='ocrx_word' id='word_1_168' title='bbox 903 2571 1054 2614; x_wconf 88' lang='lat' dir='ltr'><strong>esse.</strong></span> <span class='ocrx_word' id='word_1_169' title='bbox 1147 2549 1427 2612; x_wconf 86' lang='lat' dir='ltr'><strong>Tantum</strong></span> <span class='ocrx_word' id='word_1_170' title='bbox 1473 2554 1538 2613; x_wconf 90' lang='lat' dir='ltr'><strong>te</strong></span> <span class='ocrx_word' id='word_1_171' title='bbox 1583 2572 1763 2636; x_wconf 88' lang='lat' dir='ltr'><strong>rogo,</strong></span> <span class='ocrx_word' id='word_1_172' title='bbox 1810 2551 1881 2614; x_wconf 88' lang='lat' dir='ltr'><strong>in</strong></span> <span class='ocrx_word' id='word_1_173' title='bbox 1925 2549 2105 2615; x_wconf 87' lang='lat' dir='ltr'><strong>Hirti</strong></span> <span class='ocrx_word' id='word_1_174' title='bbox 2150 2551 2363 2615; x_wconf 89' lang='lat' dir='ltr'><strong>locum</strong></span> 
     </span>
     <span class='ocr_line' id='line_1_27' title="bbox 329 2638 2439 2704; baseline 0.001 -3"><span class='ocrx_word' id='word_1_175' title='bbox 329 2660 432 2702; x_wconf 86' lang='lat' dir='ltr'><strong>me</strong></span> <span class='ocrx_word' id='word_1_176' title='bbox 493 2638 728 2702; x_wconf 87' lang='lat' dir='ltr'><strong>subdas</strong></span> <span class='ocrx_word' id='word_1_177' title='bbox 788 2642 852 2702; x_wconf 91' lang='lat' dir='ltr'><strong>et</strong></span> <span class='ocrx_word' id='word_1_178' title='bbox 912 2638 993 2702; x_wconf 91' lang='lat' dir='ltr'><strong>ad</strong></span> <span class='ocrx_word' id='word_1_179' title='bbox 1050 2641 1236 2701; x_wconf 89' lang='lat' dir='ltr'><strong>tuum</strong></span> <span class='ocrx_word' id='word_1_180' title='bbox 1292 2659 1577 2701; x_wconf 88' lang='lat' dir='ltr'><strong>amorem</strong></span> <span class='ocrx_word' id='word_1_181' title='bbox 1632 2643 1696 2702; x_wconf 90' lang='lat' dir='ltr'><strong>et</strong></span> <span class='ocrx_word' id='word_1_182' title='bbox 1750 2639 1832 2702; x_wconf 87' lang='lat' dir='ltr'><strong>ad</strong></span> <span class='ocrx_word' id='word_1_183' title='bbox 1884 2660 2095 2703; x_wconf 91' lang='lat' dir='ltr'><strong>meam</strong></span> <span class='ocrx_word' id='word_1_184' title='bbox 2153 2639 2364 2704; x_wconf 81' lang='lat' dir='ltr'><strong>obser·</strong></span> <span class='ocrx_word' id='word_1_185' title='bbox 2391 2652 2439 2692; x_wconf 80' lang='lat'><strong>25</strong></span> 
     </span>
    </p>
   </div>
   <div class='ocr_carea' id='block_1_8' title="bbox 328 2726 630 2791">
    <p class='ocr_par' dir='ltr' id='par_1_8' title="bbox 328 2726 630 2791">
     <span class='ocr_line' id='line_1_28' title="bbox 328 2726 630 2791; baseline 0 -1"><span class='ocrx_word' id='word_1_186' title='bbox 328 2726 630 2791; x_wconf 82' lang='lat' dir='ltr'><strong>vantiam.</strong></span> 
     </span>
    </p>
   </div>
   <div class='ocr_carea' id='block_1_9' title="bbox 483 2881 2200 3074">
    <p class='ocr_par' dir='ltr' id='par_1_9' title="bbox 483 2881 2200 3074">
     <span class='ocr_line' id='line_1_29' title="bbox 1240 2881 1445 2946; baseline 0 0"><span class='ocrx_word' id='word_1_187' title='bbox 1240 2881 1445 2946; x_wconf 91' lang='lat' dir='ltr'><strong>XXII.</strong></span> 
     </span>
     <span class='ocr_line' id='line_1_30' title="bbox 483 3004 2200 3074; baseline -0.001 -14"><span class='ocrx_word' id='word_1_188' title='bbox 483 3005 598 3060; x_wconf 77' lang='lat' dir='ltr'><strong>Ser.</strong></span> <span class='ocrx_word' id='word_1_189' title='bbox 637 3005 845 3062; x_wconf 83' lang='lat' dir='ltr'><strong>Romae</strong></span> <span class='ocrx_word' id='word_1_190' title='bbox 881 3005 1026 3058; x_wconf 71' lang='lat' dir='ltr'><strong>inter</strong></span> <span class='ocrx_word' id='word_1_191' title='bbox 1073 3005 1232 3058; x_wconf 91' lang='lat' dir='ltr'><strong>VIII</strong></span> <span class='ocrx_word' id='word_1_192' title='bbox 1259 3009 1310 3058; x_wconf 84' lang='lat' dir='ltr'><strong>et</strong></span> <span class='ocrx_word' id='word_1_193' title='bbox 1345 3004 1458 3057; x_wconf 92' lang='lat' dir='ltr'><strong>III</strong></span> <span class='ocrx_word' id='word_1_194' title='bbox 1488 3004 1562 3058; x_wconf 91' lang='lat' dir='ltr'><strong>K.</strong></span> <span class='ocrx_word' id='word_1_195' title='bbox 1608 3005 1794 3074; x_wconf 72' lang='lat' dir='ltr'><strong>Quint.</strong></span> <span class='ocrx_word' id='word_1_196' title='bbox 1833 3023 1885 3058; x_wconf 87' lang='grc' dir='ltr'><strong>α.</strong></span> <span class='ocrx_word' id='word_1_197' title='bbox 1934 3009 2038 3059; x_wconf 83' lang='grc'><strong>711</strong></span> <span class='ocrx_word' id='word_1_198' title='bbox 2082 3008 2200 3073; x_wconf 79' lang='lat'><em>(43)</em></span> 
     </span>
    </p>
   </div>
   <div class='ocr_carea' id='block_1_10' title="bbox 1037 3125 1643 3181">
    <p class='ocr_par' dir='ltr' id='par_1_10' title="bbox 1037 3125 1643 3181">
     <span class='ocr_line' id='line_1_31' title="bbox 1037 3125 1643 3181; baseline 0.002 -1"><span class='ocrx_word' id='word_1_199' title='bbox 1037 3126 1294 3181; x_wconf 86' lang='lat' dir='ltr'><strong>CICERO</strong></span> <span class='ocrx_word' id='word_1_200' title='bbox 1337 3125 1643 3181; x_wconf 85' lang='lat' dir='ltr'><strong>PLANCO.</strong></span> 
     </span>
    </p>
   </div>
   <div class='ocr_carea' id='block_1_11' title="bbox 321 3252 2437 3603">
    <p class='ocr_par' dir='ltr' id='par_1_11' title="bbox 321 3252 2437 3603">
     <span class='ocr_line' id='line_1_32' title="bbox 457 3252 2437 3338; baseline -0.001 -21"><span class='ocrx_word' id='word_1_201' title='bbox 457 3253 536 3318; x_wconf 89' lang='lat' dir='ltr'><strong>In</strong></span> <span class='ocrx_word' id='word_1_202' title='bbox 579 3257 644 3316; x_wconf 92' lang='lat' dir='ltr'><strong>te</strong></span> <span class='ocrx_word' id='word_1_203' title='bbox 691 3258 755 3317; x_wconf 89' lang='lat' dir='ltr'><strong>et</strong></span> <span class='ocrx_word' id='word_1_204' title='bbox 801 3253 870 3317; x_wconf 89' lang='lat' dir='ltr'><strong>in</strong></span> <span class='ocrx_word' id='word_1_205' title='bbox 917 3252 1164 3338; x_wconf 87' lang='lat' dir='ltr'><strong>collega</strong></span> <span class='ocrx_word' id='word_1_206' title='bbox 1210 3252 1419 3316; x_wconf 88' lang='lat' dir='ltr'><strong>omnis</strong></span> <span class='ocrx_word' id='word_1_207' title='bbox 1474 3274 1618 3336; x_wconf 86' lang='lat' dir='ltr'><strong>spes</strong></span> <span class='ocrx_word' id='word_1_208' title='bbox 1666 3255 1761 3316; x_wconf 86' lang='lat' dir='ltr'><strong>est</strong></span> <span class='ocrx_word' id='word_1_209' title='bbox 1808 3252 1905 3316; x_wconf 87' lang='lat' dir='ltr'><strong>dis</strong></span> <span class='ocrx_word' id='word_1_210' title='bbox 1952 3252 2364 3337; x_wconf 85' lang='lat' dir='ltr'><strong>adprobanti·</strong></span> <span class='ocrx_word' id='word_1_211' title='bbox 2388 3270 2437 3310; x_wconf 68' lang='lat'><strong>«⁰1⁰</strong></span> 
     </span>
     <span class='ocr_line' id='line_1_33' title="bbox 324 3339 2363 3424; baseline -0 -19"><span class='ocrx_word' id='word_1_212' title='bbox 324 3342 462 3406; x_wconf 90' lang='lat' dir='ltr'><strong>bus.</strong></span> <span class='ocrx_word' id='word_1_213' title='bbox 549 3339 906 3405; x_wconf 88' lang='lat' dir='ltr'><strong>Concordia</strong></span> <span class='ocrx_word' id='word_1_214' title='bbox 951 3345 1189 3424; x_wconf 83' lang='lat' dir='ltr'><strong>vestra,</strong></span> <span class='ocrx_word' id='word_1_215' title='bbox 1247 3362 1409 3423; x_wconf 89' lang='lat' dir='ltr'><strong>quae</strong></span> <span class='ocrx_word' id='word_1_216' title='bbox 1464 3341 1714 3404; x_wconf 85' lang='lat' dir='ltr'><strong>senatui</strong></span> <span class='ocrx_word' id='word_1_217' title='bbox 1763 3340 2081 3405; x_wconf 87' lang='lat' dir='ltr'><strong>declarata</strong></span> <span class='ocrx_word' id='word_1_218' title='bbox 2126 3341 2363 3406; x_wconf 88' lang='lat' dir='ltr'><strong>litteris</strong></span> 
     </span>
     <span class='ocr_line' id='line_1_34' title="bbox 323 3428 2366 3514; baseline 0.001 -22"><span class='ocrx_word' id='word_1_219' title='bbox 323 3429 554 3493; x_wconf 83' lang='lat' dir='ltr'><strong>vestris</strong></span> <span class='ocrx_word' id='word_1_220' title='bbox 601 3433 725 3514; x_wconf 86' lang='lat' dir='ltr'><strong>est,</strong></span> <span class='ocrx_word' id='word_1_221' title='bbox 781 3428 1050 3493; x_wconf 89' lang='lat' dir='ltr'><strong>mirifice</strong></span> <span class='ocrx_word' id='word_1_222' title='bbox 1097 3432 1162 3492; x_wconf 88' lang='lat' dir='ltr'><strong>et</strong></span> <span class='ocrx_word' id='word_1_223' title='bbox 1208 3432 1466 3492; x_wconf 87' lang='lat' dir='ltr'><strong>senatus</strong></span> <span class='ocrx_word' id='word_1_224' title='bbox 1514 3431 1578 3493; x_wconf 90' lang='lat' dir='ltr'><strong>et</strong></span> <span class='ocrx_word' id='word_1_225' title='bbox 1623 3430 1852 3492; x_wconf 86' lang='lat' dir='ltr'><strong>cuncta</strong></span> <span class='ocrx_word' id='word_1_226' title='bbox 1890 3429 2115 3493; x_wconf 83' lang='lat' dir='ltr'><strong>civitas</strong></span> <span class='ocrx_word' id='word_1_227' title='bbox 2164 3429 2366 3494; x_wconf 91' lang='lat' dir='ltr'><strong>delec-</strong></span> 
     </span>
     <span class='ocr_line' id='line_1_35' title="bbox 321 3515 2365 3603; baseline 0.001 -24"><span class='ocrx_word' id='word_1_228' title='bbox 321 3520 460 3580; x_wconf 85' lang='lat' dir='ltr'><strong>tata</strong></span> <span class='ocrx_word' id='word_1_229' title='bbox 519 3519 631 3580; x_wconf 88' lang='lat' dir='ltr'><strong>est.</strong></span> <span class='ocrx_word' id='word_1_230' title='bbox 724 3515 911 3593; x_wconf 85' lang='lat' dir='ltr'><strong>Quod</strong></span> <span class='ocrx_word' id='word_1_231' title='bbox 975 3516 1057 3580; x_wconf 91' lang='lat' dir='ltr'><strong>ad</strong></span> <span class='ocrx_word' id='word_1_232' title='bbox 1117 3538 1221 3580; x_wconf 89' lang='lat' dir='ltr'><strong>me</strong></span> <span class='ocrx_word' id='word_1_233' title='bbox 1286 3516 1630 3600; x_wconf 88' lang='lat' dir='ltr'><strong>scripseras</strong></span> <span class='ocrx_word' id='word_1_234' title='bbox 1696 3516 1772 3580; x_wconf 88' lang='lat' dir='ltr'><strong>de</strong></span> <span class='ocrx_word' id='word_1_235' title='bbox 1833 3539 1901 3580; x_wconf 87' lang='lat' dir='ltr'><strong>re</strong></span> <span class='ocrx_word' id='word_1_236' title='bbox 1962 3517 2248 3603; x_wconf 88' lang='lat' dir='ltr'><strong>agraria,</strong></span> <span class='ocrx_word' id='word_1_237' title='bbox 2309 3519 2365 3583; x_wconf 89' lang='lat' dir='ltr'><strong>si</strong></span> 
     </span>
    </p>
   </div>
  </div>
 </body>
</html>
