2567 3884
313 3421 339 3466 1

384 183 515 247 488
1136 183 1650 239 EPISTULARUM

1293 378 1498 445 XXV.

553 498 667 554 Ser.
704 499 941 555 Athenis
974 501 1119 555 inter
1152 501 1288 555 med.
1325 518 1395 555 m.
1433 499 1576 569 Sept.
1615 505 1667 557 et
1707 500 1822 555 Oct.
1859 517 1913 554 a.
1955 503 2067 555 710
2107 504 2257 570 (44).

944 621 1199 677 CICERO
1236 622 1298 678 F.
1337 621 1590 677 TIRONI
1625 621 1762 679 SUO
1801 621 1854 676 S.

518 746 665 811 Etsi
710 748 879 811 iusta
934 752 999 811 et
1042 748 1273 812 idonea
1318 769 1471 811 usus
1518 769 1584 812 es
1637 747 2047 813 excusatione
2099 748 2416 815 intermis-

386 836 585 899 sionis
629 836 992 900 litterarum
1037 840 1328 921 tuarum,
1371 840 1614 921 tamen,
1658 836 1728 899 id
1770 857 1852 899 ne
1897 836 2164 919 saepius
2217 839 2417 923 faciae,
2451 855 2464 891 ⁵

386 946 563 1011 rog0.
652 922 842 1008 Nam,
888 923 1009 988 etsi
1046 924 1123 988 de
1160 946 1229 988 re
1265 948 1327 1008 p.
1363 924 1732 989 rumoribus
1778 926 1842 988 et
1890 925 2151 988 nuntiis
2193 930 2418 992 certior

385 1014 491 1096 fio,
538 1015 602 1075 et
640 1012 718 1075 de
755 1034 869 1075 sua
904 1012 973 1076 in
1008 1034 1113 1077 me
1148 1012 1481 1077 voluntate
1518 1033 1767 1095 semper
1804 1012 1884 1075 ad
1919 1034 2023 1078 me
2071 1018 2420 1097 perscribit

384 1104 583 1185 pater,
629 1103 845 1163 tamen
891 1100 969 1164 de
1016 1101 1241 1183 quavis
1284 1100 1555 1165 minima
1599 1121 1668 1164 re
1713 1100 1952 1184 scripta
1998 1122 2036 1163 a
2085 1105 2160 1165 te
2203 1105 2293 1168 ad
2335 1126 2420 1168 me

384 1188 659 1273 epistula
704 1209 955 1271 semper
998 1189 1125 1252 fuit
1169 1188 1553 1275 gratissima.
1622 1186 1848 1273 Quare,
1895 1208 2041 1264 cum
2085 1189 2164 1253 in
2205 1194 2421 1276 primis

383 1281 527 1341 tuas
563 1276 917 1340 desiderem
950 1276 1217 1361 litterae,
1262 1277 1400 1341 noli
1437 1277 1853 1360 committere,
1890 1280 1964 1339 ut
2001 1283 2422 1345 excusatione
2439 1296 2464 1333 1¹1

382 1365 600 1449 potius
638 1364 893 1515 explsss
931 1364 1217 1428 officium
1262 1365 1585 1429 scribendi
1631 1386 1822 1448 quam
1869 1364 2277 1433 assiduitate
2313 1371 2424 1455 epi-

387 1453 719 1517 stularum.
858 1452 973 1517 ale.

1273 1572 1511 1639 XXVI.

1127 1694 1241 1750 Ser.
1280 1713 1334 1749 a.
1373 1698 1483 1750 710
1521 1697 1656 1762 (44).

858 1798 1174 1865 QUINTUS
1211 1799 1466 1854 TIRONI
1503 1799 1637 1854 SUO
1672 1799 1734 1854 P.
1773 1800 1826 1855 S.
1863 1800 1929 1855 D.

516 1907 871 1975 Verberavi
914 1912 981 1973 te
1027 1908 1439 1995 cogitationis
1484 1908 1682 1973 tacito
1723 1909 2061 1974 dumtaxat
2116 1915 2428 1997 convicia

385 1998 559 2081 quod
603 1997 941 2063 fasciculus
987 1997 1149 2062 alter
1194 1996 1277 2060 ad
1319 2018 1423 2060 me
1468 1996 1598 2061 iam
1643 1997 1778 2061 sine
1813 1998 1944 2061 tuis
1989 1998 2264 2067 litteris
2309 2026 2428 2088 per-

382 2086 553 2149 latus
589 2088 699 2149 est.
763 2084 917 2152 Non
960 2087 1146 2169 potes
1192 2085 1474 2171 effugere
1518 2085 1711 2149 huius
1756 2084 1980 2169 culpae
2024 2109 2340 2170 poenam
2379 2096 2430 2154 te

383 2177 684 2257 patron03
738 2170 995 2237 Marcus
1050 2176 1147 2236 est
1201 2172 1630 2257 adhibendus,
1688 2172 1868 2256 isque
1917 2172 2030 2237 diu
2083 2182 2164 2241 et
2215 2181 2430 2245 multis

381 2260 940 2325 lucubrationibus
997 2264 1428 2327 commentata
1481 2261 1770 2329 oratione
1814 2260 1960 2325 vide
2007 2267 2091 2326 ut
2155 2270 2431 2351 probare
2447 2290 2468 2317 ε

381 2349 586 2432 possit
630 2353 695 2412 te
730 2370 862 2412 non
904 2370 1213 2433 peccasse.
1286 2348 1486 2412 Plane
1522 2351 1586 2416 te
1623 2370 1800 2435 rog0,
1847 2348 1939 2416 sic
1973 2355 2052 2414 ut
2099 2354 2290 2421 olim
2325 2379 2433 2423 ma-

384 2441 551 2501 trem
584 2440 873 2501 nostram
910 2438 1117 2501 facere
1152 2437 1438 2520 memini,
1475 2458 1637 2520 quae
1673 2437 1938 2523 lagonas
1966 2437 2192 2507 etiam
2237 2446 2434 2509 inanis

385 2524 791 2611 opsignabat‚
845 2547 927 2589 ne
982 2525 1345 2589 dicerentur
1398 2525 1618 2589 inanes
1663 2524 1912 2609 aliquae
1966 2525 2228 2616 fuisse,
2293 2553 2436 2617 quae

383 2612 609 2676 furtim
654 2616 865 2678 essent
910 2614 1285 2697 exsiccatae,
1333 2611 1426 2677 sic
1468 2615 1567 2697 tu,
1615 2612 1883 2697 etiamsi,
1929 2616 2124 2697 quod
2177 2622 2438 2690 scribas,

382 2722 513 2765 non
538 2700 826 2785 habebis,
864 2701 1130 2766 scribito
1146 2706 1392 2785 tamen,
1427 2722 1508 2764 ne
1536 2700 1782 2766 furtum
1811 2702 2219 2771 cessationis
2265 2732 2438 2794 quae
2454 2720 2473 2759 τ’

382 2789 607 2853 sivisse
643 2788 933 2854 videaris,
995 2788 1200 2854 Valde
1238 2789 1411 2855 enim
1455 2788 1547 2852 mi
1594 2810 1845 2873 semper
1881 2790 1946 2853 et
1983 2812 2162 2858 vera
2205 2803 2285 2863 et
2328 2798 2442 2863 dul-

383 2878 481 2942 cia
525 2877 656 2943 tuis
702 2878 995 2961 epistulis
1039 2876 1437 2943 nuntiantur.
1527 2874 1696 2943 Ama
1740 2899 1858 2941 nos
1904 2880 1971 2941 et
2017 2882 2206 2949 vale.

924 3173 1038 3229 Ser.
1076 3190 1157 3229 eoe.
1196 3190 1265 3227 m.
1306 3174 1439 3228 Dec.
1477 3190 1528 3229 a.
1571 3175 1678 3227 710
1718 3176 1853 3241 (44).
2488 3218 2489 3241 ἢ

834 3295 896 3361 Q.
937 3294 1193 3349 menso
1233 3294 1489 3348 Γ11110111
1525 3293 1660 3349 sno
1699 3294 1752 3351 s,
1788 3294 1850 3349 P.
1887 3294 1956 3351 n.
2461 3321 2480 3355 5

513 3404 855 3468 Mirificam
900 3404 991 3467 mi
1027 3403 1541 3468 verberationem
1579 3404 1950 3468 cessationis
1992 3408 2320 3491 epistula
2366 3414 2446 3476 de»

381 3489 564 3574 disti3
610 3513 777 3576 nam,
824 3511 985 3574 quae
1020 3491 1275 3575 parcius
1312 3490 1512 3554 frater
1545 3492 2009 3576 perscripserat
2039 3502 2446 3567 verecundia
