2567 3884
230 1744 259 1791 1

844 966 1061 1022 LIBER
1108 966 1444 1033 QUARTUS
1479 966 1797 1023 DECIMUS

647 1093 784 1159 AD
845 1091 1475 1159 TERENTIAM
1527 1092 1986 1159 UXOREM.

1291 1266 1341 1333 Ι.

570 1390 683 1446 Sor.
724 1390 1044 1460 Dyrrhachi
1078 1407 1130 1445 α.
1169 1391 1223 1445 d.
1272 1390 1362 1445 VI
1392 1390 1466 1445 K.
1505 1391 1639 1446 Dec.
1678 1408 1731 1445 a.
1772 1394 1884 1445 696
1921 1393 2066 1459 (58).

444 1512 748 1567 TULLIUS
794 1512 1213 1566 TERENTIAE
1262 1512 1475 1582 sUAE,
1523 1510 1929 1566 TULLIOLAE
1979 1512 2194 1583 SUAE,
2379 1534 2401 1574 ⁵

959 1599 1302 1654 CICEROM
1339 1600 1474 1655 suo
1516 1601 1569 1655 s,
1607 1600 1674 1655 D.

433 1724 523 1789 Et
566 1725 805 1789 litteris
848 1725 1206 1790 multorum
1243 1729 1310 1790 et
1346 1748 1639 1790 sermone
1678 1726 1966 1790 omnium
2011 1728 2334 1811 perfertur

300 1814 383 1879 ad
442 1836 548 1878 me
611 1814 1057 1878 incredibilem
1130 1818 1312 1878 tuam
1375 1815 1684 1879 virtutem
1749 1818 1814 1879 et
1885 1815 2332 1879 fortitudinem

299 1924 436 1967 esse
481 1907 675 1986 teque
719 1924 838 1967 nec
882 1902 1084 1966 animi
1134 1924 1344 1986 neque
1391 1903 1680 1986 corporis
1730 1902 2066 1967 laboribus
2115 1904 2332 1969 defati-

298 1991 457 2078 gari.
558 1990 665 2055 Me
727 1991 1061 2055 miserum!
1124 1995 1191 2054 te
1254 1992 1380 2054 ista
1443 1991 1709 2074 virtute,
1773 1990 1927 2075 fide,
1990 1992 2332 2076 probitate,
2355 2012 2402 2049 10

297 2079 700 2143 humanitate
754 2080 824 2142 in
878 2082 1091 2142 tantas
1146 2100 1482 2142 aerumnas
1540 2082 1807 2162 propter
1859 2100 1963 2142 me
2016 2080 2331 2165 incidisse,

299 2166 774 2250 Tulliolamque
819 2170 1126 2250 nostram,
1172 2188 1252 2230 ex
1299 2188 1427 2267 quo
1472 2170 1656 2251 patre
1710 2170 1924 2230 tantas
1969 2167 2330 2251 voluptates

300 2255 609 2338 capiebat,
656 2277 735 2318 ex
772 2276 847 2318 eo
893 2258 1109 2319 tantos
1153 2255 1482 2355 percipere
1525 2254 1764 2318 luctus!
1809 2254 1981 2319 Nam
2020 2256 2180 2338 quid
2215 2278 2329 2343 ego

301 2342 378 2406 de
426 2340 731 2406 Cicerone
794 2343 1049 2405 dicam?
1110 2343 1224 2426 qui
1283 2364 1429 2406 cum
1487 2343 1771 2426 primum
1827 2364 2049 2425 sapere
2107 2346 2331 2429 coepit,

298 2429 745 2494 acerbissimos
782 2429 1035 2494 dolores
1080 2431 1497 2514 miseriasque
1541 2431 1843 2515 percepit.
1928 2428 2104 2506 Quae
2139 2433 2218 2516 si,
2261 2437 2329 2496 tu
2353 2448 2396 2489 15

298 2521 373 2583 ut
408 2518 656 2604 scribis,
703 2518 871 2582 fato
916 2519 1119 2582 facta'
1164 2522 1479 2603 putarem,
1525 2520 1762 2583 ferrem
1805 2518 2000 2619 paulo
2049 2520 2324 2605 facilius3

299 2607 411 2671 sed
458 2606 674 2670 omnia
727 2610 879 2670 sunt
932 2628 1076 2671 mea
1130 2607 1318 2691 culpa
1374 2608 1744 2691 commissa,
1805 2607 1919 2690 qui
1974 2606 2055 2670 ab
2103 2607 2186 2671 iis
2231 2630 2327 2671 me

299 2695 500 2759 amari
544 2694 873 2779 putabam,
919 2694 1032 2779 qui
1078 2694 1472 2778 invidebant,
1519 2716 1628 2759 eos
1671 2716 1804 2759 non
1842 2695 2176 2781 sequebar,
2223 2696 2325 2779 qui

296 2783 621 2867 petebant.
713 2781 956 2859 Quodsi
1001 2783 1242 2846 nostris
1290 2783 1574 2847 consiliis
1619 2784 1720 2846 usi
1767 2804 2080 2868 essemus,
2126 2805 2324 2867 neque

298 2876 456 2955 aput
514 2892 633 2935 nos
686 2875 941 2935 tantum
985 2871 1293 2935 valuisset
1347 2892 1556 2935 sermo
1612 2875 1724 2934 aut
1782 2871 2131 2935 stultorum
2180 2872 2324 2935 ami-
2347 2890 2390 2928 20

298 2980 519 3023 corum
566 2962 679 3023 aut
723 2960 1197 3043 improborum,
1252 2958 1608 3023 beatissimi
1654 2959 2034 3023 viveremus.
2125 2960 2326 3044 Nunc,

298 3048 603 3130 quoniam
658 3070 913 3130 sperare
968 3068 1087 3110 nos
1141 3047 1332 3110 amici
1387 3046 1642 3132 iubent,
1703 3046 1868 3110 dabo
1917 3069 2210 3133 operam,
2252 3070 2324 3113 ne

294 3157 438 3199 mea
465 3135 766 3200 valetudo
804 3139 918 3199 tuo
955 3135 1165 3198 labori
1196 3135 1376 3198 desit.
1435 3134 1566 3199 Res
1596 3139 1836 3217 quanta
1864 3136 1967 3220 sit,
2005 3136 2326 3224 intellegO,

297 3227 666 3306 quantoque
726 3224 923 3305 fuerit
980 3222 1235 3287 facilius
1293 3244 1551 3287 manere
1573 3223 1787 3286 domi
1847 3245 2041 3306 quam
2100 3226 2323 3309 redire3

296 3312 408 3374 sed
451 3315 686 3395 tamen,
734 3311 788 3376 si
826 3332 1048 3375 omnes
1093 3316 1171 3375 tr.
1208 3311 1296 3393 pl.
1333 3311 1664 3395 habemus,
1711 3311 1765 3375 si
1810 3311 2162 3377 Lentulum
2198 3318 2321 3377 tam
2346 3328 2387 3367 25

296 3398 674 3483 studiosum,
721 3420 915 3483 quam
962 3399 1247 3482 videtur,
1295 3398 1349 3462 si
1395 3420 1548 3463 vero
1597 3399 1792 3463 etiam
1836 3398 2224 3485 Pompeium
2267 3404 2323 3467 et

297 3482 649 3572 Caesarem,
695 3508 826 3550 non
874 3490 971 3551 est
1018 3487 1500 3570 desperandum.
