2567 3884
881 201 1103 256 LIBER
1137 203 1215 256 v1
1255 209 1483 259 18-20,
2100 201 2228 266 165

189 345 445 409 litterae
493 345 752 429 quidem
796 367 976 410 meae
1022 345 1481 432 impediuntur,
1526 346 1595 409 in
1633 345 1868 430 quibus
1914 346 2050 410 sine
2096 346 2231 410 ulla

192 433 712 518 interpellatione
757 455 993 498 versor.
1044 433 1272 518 Quare,
1322 438 1395 498 ut
1442 434 1740 518 arbitror,
1784 433 1965 517 prius
2009 434 2119 497 hic
2162 438 2228 498 te

191 543 313 586 nos
360 543 553 606 quam
601 521 749 585 istic
785 525 859 586 tu
896 543 1016 586 nos
1052 522 1319 587 videbis
1388 521 1594 606 Lepta
1638 521 2053 586 suavissimus
2099 522 2229 586 edi-

191 614 329 674 scat
363 609 721 675 Hesiodum
769 613 834 674 et
877 609 1114 674 habeat
1149 611 1219 674 in
1257 632 1369 674 ore
1406 611 1545 694 ‘1:079
1582 609 1641 676 δ’
1684 610 1919 698 ἀρετῆς
1958 611 2227 697 ὶδρῶτα’

138 716 164 757 5
190 703 258 762 et
305 701 530 763 cetera.

1116 837 1290 904 XIX.

612 957 728 1014 Ser.
766 957 1008 1014 Asturae
1043 975 1124 1013 ex.
1163 975 1232 1012 m.
1273 957 1417 1014 Sext.
1458 977 1510 1014 a.
1553 963 1665 1016 709
1694 962 1830 1028 (45).

909 1079 1164 1135 CICERO
1210 1080 1512 1138 LEPTAE.

327 1205 650 1270 Maculam
711 1207 927 1271 officio
987 1207 1280 1271 functum
1342 1228 1476 1271 esse
1535 1207 1801 1294 gaudeo.
1891 1206 2053 1271 Eius
2108 1205 2225 1270 Fa·
2265 1218 2292 1265 1

113 1318 163 1356 ιο
189 1296 448 1360 lernum
493 1295 656 1360 mihi
703 1317 954 1378 semper
996 1295 1301 1360 idoneum
1336 1295 1547 1360 visum
1592 1300 1690 1360 est
1738 1295 2124 1378 devorsorio,
2171 1295 2225 1358 si

192 1384 390 1448 modo
418 1384 573 1447 tecti
603 1383 760 1448 satis
787 1387 884 1447 est
911 1382 993 1448 ad
1029 1383 1406 1448 comitatum
1442 1387 1735 1448 nostrum
1771 1382 2224 1466 recipiendum.

195 1471 542 1556 Ceteroqui
587 1471 751 1536 mihi
803 1471 984 1535 locus
1028 1493 1160 1536 non
1207 1471 1517 1554 displicet.
1606 1471 1747 1536 Nec
1790 1493 1865 1536 ea
1908 1493 1977 1535 re
2022 1469 2226 1534 Petri-

191 1583 352 1625 num
415 1563 601 1624 tuum
665 1559 979 1645 deseram3
1039 1581 1190 1623 nam
1246 1563 1311 1624 et
1364 1560 1521 1624 villa
1578 1564 1643 1624 et
1700 1560 2054 1624 amoenitas
2112 1559 2227 1622 illa

195 1647 720 1714 commorationis
766 1651 880 1732 est,
924 1669 1055 1712 non
1101 1647 1471 1712 devorsorii.

115 1757 164 1796 15
328 1735 428 1800 De
465 1736 793 1800 curatione
829 1736 1044 1820 aliqua
1078 1758 1417 1800 munerum
1463 1736 1791 1821 regiorum
1828 1755 1974 1798 cum
2011 1731 2222 1816 Oppio
2260 1745 2293 1792 2

192 1825 450 1888 locutus
489 1846 656 1908 sum3
702 1846 853 1888 nam
887 1823 1184 1908 Balbum,
1219 1827 1638 1908 posteaquam
1674 1826 1748 1886 tu
1776 1845 1843 1886 es
1878 1823 2222 1906 profectus,

194 1935 328 1978 non
363 1912 515 1976 vidi.
605 1911 830 1976 Tantis
865 1912 1102 1996 pedum
1141 1912 1472 1977 doloribus
1508 1911 1821 1995 adficitur,
1858 1914 1932 1974 ut
1973 1931 2040 1974 se
2078 1931 2223 1974 con-

195 2001 404 2066 veniri
450 2001 632 2065 nolit.
725 1998 1006 2064 Omnino
1056 2001 1131 2064 de
1177 2003 1317 2064 tota
1362 2023 1448 2084 re,
1494 2004 1568 2064 ut
1610 1999 1773 2064 mihi
1818 1998 2057 2063 videris
2064 2048 2082 2081 ,
2128 2019 2223 2062 sa-

194 2089 480 2173 pientius
524 2090 782 2174 facereS,
828 2089 882 2153 si
928 2110 1060 2152 non
1106 2109 1375 2152 curares.
1442 2087 1627 2164 Quod
1664 2087 1836 2150 enim
1882 2107 1957 2150 eo
2000 2086 2223 2150 labore

119 2197 168 2236 20
198 2177 462 2261 adsequi
517 2177 641 2260 vis,
703 2177 883 2241 nullo
941 2176 1135 2241 modo
1189 2176 1551 2261 adsequere.
1641 2175 1848 2239 Tanta
1899 2177 1996 2238 est
2051 2174 2222 2238 enim

197 2267 600 2330 intumorum
643 2265 1020 2348 multitudo,
1075 2267 1148 2328 ut
1193 2287 1274 2328 ex
1318 2265 1399 2328 iis
1445 2263 1679 2347 aliquis
1722 2263 1941 2346 potius
1986 2263 2225 2348 effluat,

199 2376 394 2438 quam
456 2375 626 2418 novo
689 2354 775 2416 sit
837 2353 1074 2436 aditus,
1136 2351 1513 2435 praesertim
1578 2351 1688 2435 qui
1751 2351 1919 2415 nihil
1980 2351 2226 2414 adferat

197 2446 454 2526 praeter
500 2463 786 2526 operam,
841 2441 910 2505 in
956 2463 1082 2524 qua
1125 2441 1235 2504 ille
1281 2462 1350 2505 se
1396 2439 1641 2504 dedisse
1685 2438 2067 2503 beneficium
2110 2461 2225 2522 pu-

197 2531 368 2595 tabit
415 2527 500 2616 (si
544 2529 738 2592 modo
783 2529 996 2613 ipsum
1041 2527 1246 2616 sciet),
1292 2550 1423 2592 non
1459 2526 1789 2611 accepisse.
1850 2525 1977 2591 Sed
2009 2530 2225 2590 tamen

120 2637 170 2677 25
199 2617 448 2703 aliquid
491 2616 878 2702 videbimus,
942 2617 1011 2681 in
1066 2639 1194 2701 quo
1249 2617 1335 2680 sit
1389 2616 1656 2700 species3
1720 2615 1907 2678 aliter
1966 2615 2224 2698 quidem

198 2729 331 2772 non
366 2705 561 2769 modo
598 2727 730 2770 non
767 2707 1211 2790 adpetendum,
1257 2704 1369 2768 sed
1405 2704 1599 2767 etiam
1635 2703 2012 2790 fugiendum
2047 2705 2224 2786 puto,

197 2795 345 2882 Ego
373 2816 478 2858 me
505 2792 782 2860 Asturae
811 2795 1052 2858 diutius
1089 2792 1371 2857 arbitror
1407 2795 1969 2876 commoraturum,
2016 2790 2227 2874 quoad
2278 2839 2287 2849 .

197 2885 310 2948 ille
357 2883 741 2968 quandoque
785 2882 1018 2947 veniat.
1107 2880 1286 2945 Vale.

1137 3057 1286 3122 XX.

121 3203 172 3242 30
557 3177 672 3234 Ser.
710 3177 951 3234 Asturae
986 3195 1067 3232 ex.
1113 3195 1182 3232 m.
1229 3178 1445 3248 Quinet.
1485 3195 1537 3232 a.
1578 3180 1689 3232 709
1729 3179 1865 3244 (45).

863 3299 1118 3356 CICERO
1157 3299 1484 3354 TORANIO
1524 3299 1574 3354 S.

332 3429 652 3494 Dederam
697 3427 914 3492 triduo
961 3430 1108 3491 ante
1157 3425 1376 3510 pueris
1424 3424 1536 3489 Cn.
1582 3424 1807 3488 Planci
1851 3424 2101 3488 litteras
2148 3422 2229 3486 ad
2269 3439 2296 3486 1

195 3523 290 3606 te3
351 3540 428 3582 eo
482 3537 654 3581 nunc
707 3537 818 3579 ero
872 3515 1132 3579 brevior
1183 3517 1406 3599 teque,
1466 3517 1539 3579 ut
1593 3517 1781 3578 antea
1835 3511 2228 3594 consolabar,
