2567 3884
985 179 1202 234 LmER
1238 180 1371 234 vm
1405 186 1454 249 1,
1494 186 1543 237 2.
2149 178 2281 242 203

1233 444 1315 510 Π.
1414 455 1417 465 “

738 564 852 620 Ser.
893 565 1100 620 Romae
1135 584 1204 620 m.
1241 568 1375 621 Iwn.
1414 585 1466 622 a.
1508 571 1617 623 703
1657 570 1794 636 (51).

894 704 1194 761 CAELrUs
1223 666 1572 761 'omnnem
1608 705 1659 761 S.

397 846 600 932 Certe,
644 847 932 933 inquam,
979 849 1311 914 absolutus
1356 853 1453 915 est
1498 847 1630 935 (me
1675 850 1722 934 †
1766 852 2278 934 repraesentante
2321 863 2349 912 1

207 957 233 997 5
260 937 749 1022 pronuntiatum
806 934 963 1024 est),
1023 940 1087 1001 et
1146 938 1405 1022 quidem
1466 938 1763 1002 omnibus
1825 938 2157 1002 ordinibus
2215 942 2280 1002 et

261 1026 534 1112 singulis
567 1024 637 1088 in
665 1046 802 1089 uno
841 1046 1095 1109 quoque
1133 1026 1356 1090 ordine
1393 1026 1745 1091 sententiis.
1810 1025 2006 1090 ‘Ride
2043 1026 2279 1110 modo’,

260 1114 490 1197 inquis.
588 1111 741 1178 Non
811 1114 1230 1199 mehercules3
1303 1114 1471 1179 nihil
1541 1132 1851 1198 umquam·
1910 1114 2082 1179 enim
2145 1118 2279 1178 tam

259 1206 514 1286 praeter
559 1200 953 1285 opinionem,
1006 1204 1142 1265 tam
1187 1202 1361 1286 quod
1405 1201 1730 1267 videretur
1775 1202 2073 1266 omnibus
2118 1201 2281 1265 indi-

260 1311 479 1377 gnum,
524 1288 772 1354 accidit.
844 1289 1014 1365 Quin
1050 1312 1189 1376 eg0,
1235 1311 1382 1354 cum
1416 1312 1536 1373 pro
1573 1290 1857 1355 amicitia
1890 1290 2279 1354 validissime

183 1397 235 1437 10
261 1379 541 1442 faverem
587 1377 647 1441 ei
683 1380 747 1442 et
790 1398 894 1441 me
930 1378 1059 1441 iam
1095 1377 1177 1441 ad
1204 1378 1549 1443 dolendum
1583 1400 2074 1464 praeparassem,
2108 1382 2281 1462 post-

263 1487 455 1551 quam
508 1466 750 1529 factum
804 1469 926 1549 est,
987 1466 1271 1550 opstipui
1326 1470 1391 1530 et
1442 1466 1606 1530 mihi
1649 1467 1825 1531 visus
1868 1488 2012 1531 sum
2058 1471 2280 1550 captus

262 1576 412 1619 esse.
505 1552 674 1629 Quid
717 1553 877 1617 alios
922 1555 1153 1637 putas?
1246 1553 1651 1618 Clamoribus
1695 1554 1937 1619 scilicet
1981 1555 2281 1619 maximis

261 1641 502 1706 iudices
557 1641 1004 1725 corripuerunt
1058 1645 1123 1706 et
1177 1642 1592 1707 ostenderunt
1644 1642 1833 1726 plane
1887 1664 2047 1726 esse,
2109 1642 2283 1726 quod

259 1730 417 1794 ferri
460 1752 593 1793 non
635 1732 866 1813 posset.
956 1727 1182 1813 Itaque
1227 1730 1489 1794 relictus
1533 1730 1663 1816 legi
1708 1730 1992 1794 Liciniae
2036 1731 2279 1795 maiore

180 1836 234 1878 ιε
261 1839 397 1883 esse
430 1818 716 1901 periculo
743 1818 1012 1881 videtur.
1085 1816 1374 1883 Accessit
1407 1818 1551 1903 huc,
1590 1818 1763 1902 quod
1796 1818 2107 1902 postridie
2142 1818 2279 1882 eius

262 1906 732 1971 absolutionem
767 1906 836 1969 in
871 1905 1197 1970 theatrum
1234 1904 1532 1977 Curionis
1576 1906 1961 1971 Hortensius
2007 1906 2278 1990 introiit,

260 1998 439 2080 puto,
485 1998 559 2058 ut
603 2015 790 2057 suum
838 1993 1147 2080 gaudium
1190 1994 1628 2081 gauderemus.
1719 1994 1846 2057 Hic
1889 1994 2013 2059 tibi

351 2131 803 2218 ‘StrepituS,
885 2133 1267 2218 fremitus,
1352 2134 1636 2198 clamor
1707 2134 2135 2198 tonitruum
2208 2135 2281 2199 e't

1366 2222 1769 2286 rudentum
1814 2222 2144 2287 sibilus'.

179 2366 235 2407 20
261 2343 406 2409 Hoc
448 2344 655 2431 magis
701 2344 1212 2409 animadversum
1257 2349 1371 2429 est,
1418 2346 1594 2429 quod
1636 2345 1913 2409 intactus
1960 2345 2040 2409 ab
2088 2345 2281 2409 sibilo

259 2435 634 2515 pervenerat
659 2432 1044 2497 Hortensius
1072 2432 1153 2497 ad
1180 2437 1597 2519 senectutem3
1634 2434 1913 2499 sedtum
1939 2438 2073 2498 tam
2100 2434 2281 2517 bene,

260 2524 334 2584 ut
378 2519 447 2583 in
481 2523 687 2584 totam
721 2521 923 2585 vitam
960 2522 1213 2606 quoivis
1248 2521 1404 2585 satis
1441 2525 1606 2585 esset
1642 2525 1707 2586 et
1741 2522 2096 2606 paeniteret
2134 2543 2279 2585 eum

263 2631 393 2672 lam
438 2629 681 2672 vlcisse.

392 2695 490 2759 De
535 2718 604 2759 re
647 2719 707 2779 p.
746 2697 920 2780 quod
962 2696 1086 2761 tibi
1131 2696 1424 2781 scribam,
1468 2697 1636 2762 nihil
1677 2697 1901 2762 habeo.
1991 2696 2280 2760 Marcelli
2318 2720 2349 2766 2

181 2804 234 2845 25
261 2784 540 2868 impetus
582 2784 953 2848 resederunt
996 2806 1128 2849 non
1171 2786 1429 2869 inertia,
1476 2786 1611 2869 sed,
1657 2789 1730 2849 ut
1773 2785 1937 2849 mihi
1981 2784 2280 2849 videban-

261 2876 400 2957 tur,
465 2873 747 2936 consili0.
852 2872 949 2937 De
1014 2873 1294 2937 comitiis
1354 2873 1793 2937 consularibus
1855 2872 2281 2936 incertissima

262 2964 359 3025 est
413 2960 818 3025 existimatio.
909 2960 1055 3048 Ego
1109 2961 1308 3025 incidi
1361 2962 1429 3025 in
1485 2961 1950 3045 conpetitorem
1993 2960 2279 3024 nobilem
2338 3028 2349 3036 ,

262 3051 327 3111 et
384 3049 669 3113 nobilem
727 3053 1049 3136 agentem3
1108 3071 1258 3114 nam
1315 3048 1401 3113 M.
1458 3048 1759 3113 Octavius
1821 3047 1932 3112 Cn.
1988 3049 2029 3112 f.
2088 3051 2152 3111 et
2206 3046 2276 3111 O.

260 3136 495 3201 Hirrus
548 3158 799 3201 mecum
851 3138 1032 3221 petit.
1123 3136 1268 3201 Hoc
1321 3137 1465 3201 ideo
1512 3137 1762 3221 scripsi,
1819 3135 1992 3220 quod
2036 3136 2168 3200 scio
2214 3139 2279 3199 te

176 3244 233 3285 so
260 3224 492 3288 acriter
525 3229 789 3309 propter
823 3224 1093 3289 Hirrum
1128 3225 1431 3289 nuntium
1464 3228 1835 3289 nostrorum
1871 3224 2281 3288 comitiorum

259 3316 797 3396 exspectaturum.
888 3313 989 3377 Tu
1032 3317 1248 3377 tamen
1295 3313 1560 3377 simulac
1593 3334 1697 3377 me
1736 3312 2137 3399 designatum
2175 3333 2283 3376 au-

260 3400 476 3485 dieris,
540 3405 613 3464 ut
667 3401 790 3465 tibi
847 3422 1032 3465 curae
1092 3400 1202 3486 sit,
1268 3401 1443 3486 quod
1494 3403 1582 3466 ad
1631 3401 1975 3485 pantheras
2030 3401 2281 3486 attinet,

258 3510 435 3576 rog0.
494 3486 939 3576 syngrapham
978 3488 1323 3554 Sittianam
1351 3488 1475 3553 tibi
1504 3490 1897 3555 commendo.
1947 3488 2282 3555 Commen-
