2567 3884
6 3562 17 3849 h

948 170 1166 225 LIBER
1200 172 1304 225 xv
1341 177 1391 240 3,
1429 179 1480 227 4.
2089 171 2223 236 447

189 316 409 377 motus
464 334 613 377 cum
667 312 744 376 de
800 312 989 396 Syria
1040 317 1182 378 tum
1231 314 1307 377 de
1352 315 1496 377 mea
1539 314 1897 398 provincia,
1959 316 2036 379 de
2082 316 2229 379 reli-

191 424 319 484 qua
376 400 651 484 denique
695 398 868 464 Asia.
958 399 1184 485 Itaque
1241 402 1593 466 exercitum
1647 402 1810 466 mihi
1867 402 2227 467 ducendum

190 510 307 573 per
364 488 803 572 Cappadociae
857 489 1189 574 regionem
1244 511 1412 574 eam,
1469 511 1631 573 quae
1686 488 1980 554 Ciliciam
2035 492 2227 555 attin-

140 683 167 722 5
192 579 506 727 {51³2ss
510 576 786 748 ῗὲἒθω
795 576 1027 747 ῗῖξέὲω
1061 576 2226 749 {rgsssseruinssssssffiaffinffiffi

194 752 383 816 facile
430 752 779 815 tenuissem
826 750 982 837 (duo
1030 756 1181 816 sunt
1226 753 1398 817 enim
1445 754 1656 817 aditus
1701 754 1770 816 in
1809 752 2101 818 Ciliciam
2147 777 2226 818 ex

197 839 417 924 Syria,
480 862 754 923 quorum
814 844 1083 923 uterque
1140 841 1358 924 parvis
1410 841 1747 924 praesidiis
1798 846 2066 926 propter
2120 864 2228 906 an-

285 928 443 991 stias
472 927 814 991 intercludi
838 932 1071 1011 potest,
1107 950 1225 993 nec
1252 932 1349 993 est
1378 930 1722 1014 quicquam
1750 929 1976 993 Cilicia
2003 934 2228 994 contra

193 950 453 1098 {goriam
498 1012 867 1101 munitius),
928 1016 1039 1079 sed
1081 1038 1185 1080 me
1233 1016 1636 1101 Cappadocia
1679 1018 2008 1102 movebat,
2063 1040 2227 1102 quae

114 1124 169 1162 10
192 1107 373 1188 patet
430 1126 468 1165 a
524 1102 711 1187 Syria
765 1125 1075 1189 regesque
1128 1104 1326 1169 habet
1379 1106 1711 1169 finitumos
1726 1157 1742 1190 ,
1802 1106 1915 1189 qui
1974 1106 2227 1169 etiamsi

197 1195 348 1255 sunt
404 1192 569 1254 clam
614 1191 802 1254 amici
856 1190 1045 1255 nobis
1052 1242 1071 1275 ,
1125 1196 1343 1256 tamen
1396 1198 1614 1277 aperte
1667 1194 1926 1257 Parthis
1979 1194 2229 1258 inimici

197 1302 330 1344 esse
375 1301 510 1343 non
556 1279 807 1343 audent.
897 1278 1124 1362 Itaque
1179 1280 1248 1343 in
1302 1280 1704 1365 Cappadocia
1758 1286 2043 1346 extrema
2094 1304 2228 1345 non

194 1368 388 1453 longe
436 1390 474 1429 a
518 1365 731 1430 Tauro
777 1367 948 1450 apud
994 1367 1302 1451 oppidum
1350 1369 1652 1452 Cybistra
1698 1373 1906 1433 castra
1957 1370 2108 1454 feci,
2153 1373 2230 1433 ut

196 1459 260 1519 et
307 1454 602 1518 Ciliciam
647 1458 865 1519 tuerer
908 1458 972 1519 et
1019 1454 1490 1540 Cappadociam
1543 1460 1767 1522 tenens
1821 1480 1990 1523 nova
2033 1458 2229 1521 finiti-

116 1562 169 1603 15
194 1565 453 1607 morum
499 1543 765 1607 consilia
808 1543 1203 1626 impedirem.

326 1629 583 1694 Interea
636 1632 706 1694 in
748 1631 875 1695 hoc
926 1634 1109 1695 tanto
1154 1635 1339 1695 motu
1397 1635 1705 1715 tantaque
1752 1634 2227 1716 exspectatione

194 1719 464 1783 maximi
510 1719 665 1782 belli
711 1741 825 1782 rex
868 1717 1241 1803 DeiotaruS,
1288 1718 1391 1782 cui
1436 1741 1568 1783 non
1615 1720 1752 1784 sine
1798 1742 1986 1784 causa
2029 1721 2228 1804 pluri-

194 1829 375 1870 mum
422 1828 673 1891 semper
727 1810 791 1870 et
835 1829 979 1871 meo
1028 1812 1091 1871 et
1136 1811 1251 1870 tuo
1300 1810 1364 1870 et
1419 1810 1676 1870 senatus
1730 1808 1968 1872 iudicio
2024 1809 2229 1873 tribu-

194 1899 336 1958 tum
383 1899 506 1979 est,
561 1895 663 1959 vir
717 1916 862 1957 cum
916 1894 1364 1958 benevolentia
1419 1898 1484 1958 et
1536 1894 1663 1958 fide
1709 1916 1863 1981 erga
1914 1896 2227 1995 populum

115 2004 169 2043 20
196 1982 270 2047 R.
317 1982 634 2068 singulari
688 1986 829 2046 tum
885 1983 1239 2066 praestanti
1284 1982 1738 2083 magnitudine
1795 1986 1860 2046 et
1918 1983 2117 2046 animi
2164 1988 2228 2047 et

198 2069 481 2154 consilii,
542 2072 792 2157 legatos
852 2071 934 2133 ad
989 2093 1093 2135 me
1150 2070 1332 2134 misit
1390 2092 1456 2134 se
1522 2092 1668 2133 cum
1732 2070 2032 2135 omnibus
2095 2073 2228 2134 suis

197 2158 400 2243 copiis
445 2159 515 2221 in
559 2180 702 2222 mea
738 2162 946 2222 castra
983 2180 1119 2223 esse
1154 2163 1514 2223 venturum.
1609 2156 1806 2221 Cuius
1843 2181 1964 2245 ego
2011 2160 2225 2223 studio

198 2247 542 2330 officioque
588 2250 946 2311 commotus
992 2248 1098 2333 egi
1144 2246 1203 2310 ei
1255 2269 1373 2331 per
1415 2246 1666 2309 litteras
1710 2247 1979 2333 gratiae,
2033 2248 2226 2332 idque

197 2338 269 2399 ut
314 2338 687 2419 maturaret,
732 2335 1029 2398 hortatus
1075 2356 1232 2399 sum.
1328 2333 1491 2397 Cum
1537 2338 1752 2399 autem
1799 2336 1879 2399 ad
1926 2298 2228 2419 Cybistra

114 2442 167 2481 25
195 2426 463 2506 propter
520 2424 837 2487 rationem
896 2422 1052 2487 belli
1090 2424 1397 2523 ‘quinque
1459 2422 1592 2487 dies
1655 2445 1857 2487 essem
1920 2429 2227 2509 moratuS,

197 2533 415 2597 regem
444 2510 963 2595 Ariobarzanem,
1004 2510 1183 2574 cuius
1220 2512 1493 2574 salutem
1531 2534 1568 2573 a
1604 2506 1828 2575 senatu
1865 2514 1929 2575 te
1967 2516 2227 2577 auctore

197 2598 707 2663 commendatam
761 2599 1105 2682 habebam,
1163 2599 1608 2699 praesentibus
1667 2600 1920 2663 insidiis
1974 2600 2228 2684 necopi-

195 2690 459 2751 nantem
511 2688 783 2751 liberavi
836 2709 1043 2770 neque
1099 2688 1308 2750 solum
1355 2687 1414 2749 ei
1461 2686 1653 2750 saluti
1698 2688 1820 2772 fui,
1877 2688 1988 2750 sed
2033 2688 2228 2751 etiam

196 2776 443 2860 curavi,
487 2779 561 2838 ut
609 2797 753 2840 cum
799 2774 1180 2839 auctoritate
1226 2778 1540 2859 regnaret.
1632 2774 1906 2838 Metram
1954 2777 2034 2857 et,
2081 2796 2228 2838 eum

112 2882 165 2922 30
196 2886 389 2947 quem
460 2866 533 2926 tu
604 2864 768 2926 mihi
833 2863 1175 2949 diligenter
1246 2861 1752 2946 commendaras,
1822 2860 2229 2925 Athenaeum

195 2952 667 3035 inportunitate
719 2949 1104 3015 Athenaidis
1160 2950 1386 3013 exsilio
1451 2949 1761 3013 multatos
1821 2951 1893 3012 in
1947 2950 2230 3013 maxima

194 3040 368 3123 apud
427 3060 647 3125 regem
711 3039 1092 3104 auctoritate
1151 3038 1488 3123 gratiaque
1554 3037 1891 3121 constitui,
1956 3058 2228 3121 cumque

193 3148 506 3213 magnum
559 3126 801 3191 bellum
856 3128 926 3191 in
972 3125 1375 3209 Cappadocia
1422 3125 1878 3208 concitaretur,
1927 3125 1982 3188 si
2028 3146 2230 3189 sacer-

194 3216 311 3279 dos
348 3215 544 3277 armis
582 3236 666 3299 se,
713 3215 886 3299 quod
922 3216 1205 3277 facturus
1240 3212 1610 3297 putabatur,
1654 3175 2038 3297 defenderet,
2077 3213 2228 3279 adu-

112 3320 163 3360 35
192 3303 439 3367 lescens
480 3306 546 3366 et
582 3304 873 3388 equitatu
919 3306 983 3366 et
1026 3301 1320 3385 peditatu
1359 3304 1422 3363 et
1467 3300 1737 3384 pecunia
1779 3304 2042 3384 paratus
2079 3302 2125 3385 †
2164 3305 2229 3365 et

191 3394 335 3455 toto
373 3390 473 3474 iis,
510 3392 622 3473 qui
657 3392 881 3455 novari
919 3389 1165 3490 aliquid
1190 3387 1511 3473 volebant,
1547 3389 1806 3474 perfeci,
1843 3393 1916 3453 ut
1954 3411 1987 3452 e
2026 3411 2226 3475 regno

190 3479 303 3543 ille
342 3478 709 3564 discederet,
756 3500 993 3563 rexque
1030 3477 1167 3541 sine
1202 3476 1487 3541 tumultu
1525 3499 1598 3541 ac
1643 3478 1780 3541 sine
1817 3477 2012 3542 armis
2051 3478 2228 3542 omni
