2567 3884
957 170 1177 224 Lissa
1210 171 1263 223 X
1301 177 1386 240 32,
1425 175 1511 225 33.
2122 170 2251 234 297

216 314 580 379 victoribus
652 314 784 377 illis
863 313 1447 399 portendebantur,
1531 313 1930 398 deminuere,
2012 314 2259 378 debetis

221 403 611 467 existumare
658 406 982 466 retentum
1029 406 1094 467 et
1140 406 1585 467 conservatum
1633 403 1726 465 rei
1774 425 1834 485 p.
1883 423 2018 465 esse
2064 406 2257 486 atque

219 491 312 554 ita
358 491 634 574 credere,
682 491 1131 574 quodcumque
1177 490 1629 575 imperassetis,
1676 490 1997 553 facturum
2042 490 2259 575 fuisse,

222 579 307 663 si,
363 580 540 663 quod
594 579 899 663 iussistis,
954 579 1094 643 feci.
1198 578 1371 644 Nam
1426 582 1490 642 et
1549 578 1948 663 provinciam
2003 578 2071 640 in
2119 578 2254 641 otio

169 684 198 724 5
223 670 286 731 et
331 667 687 731 exercitum
724 667 792 731 in
828 688 971 731 mea
1014 671 1335 751 potestate
1380 667 1577 751 tenui,
1622 667 1863 730 finibus
1899 687 2076 729 meae
2112 687 2258 750 pro-

222 756 470 820 vinciae
523 776 841 838 nusquam
897 756 1164 840 excessi,
1222 756 1498 820 militem
1553 777 1684 819 non
1737 754 1929 818 modo
1976 753 2258 839 legiona-

222 844 410 928 rium,
459 844 572 907 sed
613 865 695 907 ne
741 843 1152 907 auxiliarium
1190 845 1450 927 quidem
1497 843 1704 907 ullum
1741 863 2068 926 quoquam
2108 842 2257 905 misi

223 935 313 1015 et,
371 932 426 995 si
487 943 650 1015 quos
707 932 955 1014 equites
1012 931 1386 996 decedentes
1440 935 1665 995 nactus
1713 953 1880 1015 sum,
1938 930 2256 1013 supplicio

223 1020 446 1083 adfeci.
541 1018 826 1095 Quarum
880 1041 1094 1083 rerum
1150 1021 1433 1083 fructum
1488 1020 1643 1084 satis
1702 1041 2011 1105 magnum
2069 1040 2137 1082 re
2196 1041 2257 1101 p.

141 1127 198 1166 ιο
224 1108 402 1172 salva
460 1107 686 1171 tulisse
737 1129 841 1172 me
895 1108 1167 1192 putabo3
1228 1109 1364 1192 sed,
1424 1129 1525 1172 res
1579 1130 1639 1191 p.
1688 1108 1741 1171 si
1797 1129 1902 1171 me
1948 1106 2103 1170 satis
2147 1127 2259 1169 no-

221 1197 422 1260 visset
477 1199 544 1259 et
596 1196 805 1259 maior
856 1218 1005 1279 pars
1061 1198 1345 1280 senatus,
1399 1196 1675 1260 maiores
1729 1217 1808 1259 ex
1862 1217 1965 1258 me
2010 1195 2259 1257 fructus

221 1284 496 1348 tulisset.
587 1283 975 1368 Epistolam,
1022 1306 1216 1367 quam
1261 1283 1495 1368 Balbo,
1543 1305 1689 1347 cum
1734 1284 1930 1347 etiam
1974 1303 2147 1346 nunc
2190 1283 2260 1345 in

175 1385 184 1393 ‘
222 1372 559 1456 provincia
596 1375 777 1455 esset,
815 1371 1059 1457 scripsi,
1095 1373 1434 1458 legendam
1470 1372 1593 1435 tibi
1630 1372 1805 1457 misi3
1852 1372 2047 1436 etiam
2082 1393 2261 1455 prae-

222 1463 488 1544 textam,
536 1460 591 1523 si
636 1461 812 1525 voles
855 1461 1087 1546 legere,
1137 1459 1395 1524 Gallum
1442 1458 1831 1545 Cornelium,
1876 1459 2262 1524 familiarem

143 1567 198 1608 1⁵
224 1570 460 1633 meum,
506 1548 772 1631 poscite.
865 1566 938 1612 VI
982 1546 1136 1611 Idus
1182 1547 1321 1612 Iun.
1371 1546 1687 1612 Corduba.

1097 1773 1397 1841 XXXIII.

333 1896 446 1952 Ser.
490 1895 772 1952 Cordubae
806 1897 890 1952 vel
925 1914 1006 1952 σω.
1044 1913 1115 1951 m.
1153 1897 1319 1952 Maio
1354 1899 1438 1952 vel
1482 1899 1560 1952 in.
1598 1898 1730 1952 Iam.
1770 1915 1821 1952 a.
1862 1900 1967 1952 711
2010 1900 2147 1965 (43).

831 2019 1088 2073 POLLIO
1130 2018 1469 2075 CICERONI
1511 2021 1563 2075 S.
1603 2021 1663 2076 P.

365 2159 426 2225 S.
465 2184 523 2226 v.
561 2159 621 2225 b.
662 2183 710 2227 e.
751 2184 800 2226 e.
841 2185 898 2246 q.
936 2186 995 2227 v.
1101 2162 1242 2238 Quo
1302 2164 1548 2228 tardius
1610 2163 1846 2227 certior
1903 2163 2126 2226 fierem
2187 2161 2264 2226 de

139 2273 197 2312 πο
223 2249 494 2335 proeliis
530 2249 702 2334 apud
735 2249 1056 2314 Mutinam
1092 2252 1298 2335 factis,
1343 2252 1626 2337 Lepidus
1663 2251 1890 2336 effecit,
1937 2251 2049 2334 qui
2084 2272 2264 2315 meos

225 2337 604 2402 tabellarios
657 2360 891 2404 novem
948 2340 1082 2404 dies
1138 2341 1433 2426 retinuit3
1487 2340 1745 2404 tametsi
1800 2343 2048 2402 tantam
2105 2338 2264 2402 cala-

225 2427 525 2490 mitatem
569 2426 664 2490 rei
708 2449 768 2510 p.
817 2448 1011 2510 quam
1064 2428 1429 2492 tardissime
1483 2429 1703 2492 audire
1751 2428 2105 2512 optandum
2150 2431 2265 2512 est,

227 2514 344 2578 sed
405 2515 538 2578 illis
549 2565 567 2598 ‚
632 2515 745 2598 qui
807 2516 1108 2598 prodesse
1169 2516 1338 2580 nihil
1398 2520 1671 2600 possunt
1733 2538 1941 2600 neque
2004 2515 2262 2579 mederi.

227 2603 450 2686 Atque
503 2602 753 2666 utinam
809 2603 1033 2667 eodem
1089 2627 1134 2667 s.
1183 2625 1252 2688 c.,
1310 2627 1436 2688 quo
1482 2604 1793 2668 Plancum
1840 2608 1904 2668 et
1949 2603 2266 2687 Lepidum

141 2710 200 2752 25
229 2692 301 2755 in
335 2689 595 2754 Italiam
623 2692 992 2776 arcessistis,
1029 2714 1132 2756 me
1161 2714 1418 2776 quoque
1446 2693 1790 2756 iussissetis
1828 2692 2073 2756 venire!
2120 2712 2266 2774 pro-

229 2780 402 2842 fecto
458 2799 590 2842 non
644 2780 989 2863 accepisset
1048 2802 1150 2844 res
1207 2805 1267 2865 p.
1325 2781 1450 2844 hoc
1504 2781 1754 2845 vuanS.
1846 2779 1987 2856 Quo
2044 2779 2099 2842 si
2154 2778 2267 2861 qui

228 2867 556 2930 laetantur
600 2867 670 2930 in
715 2869 1101 2952 praesentia,
1163 2870 1315 2951 quia
1359 2868 1661 2933 videntur
1706 2872 1771 2932 et
1818 2869 2009 2931 duces
2056 2869 2119 2929 et
2166 2888 2268 2929 ve-

229 2955 443 3019 terani
493 2953 780 3019 Caesaris
824 2956 1108 3039 partium
1153 2957 1467 3041 interisse,
1512 2961 1728 3020 tamen
1774 2954 2115 3039 postmodo
2163 2976 2269 3018 ne-

232 3045 470 3108 cessest
535 3043 792 3107 doleant
806 3093 824 3128 ,
903 3065 1049 3107 cum
1111 3045 1481 3109 vastitatem
1550 3043 1776 3108 Italiae
1840 3042 2269 3127 respexerint3

139 3152 202 3192 ao
229 3153 385 3196 nam
440 3134 504 3194 et
558 3132 758 3196 robur
812 3136 878 3195 et
922 3132 1178 3196 suboles
1223 3133 1509 3196 militum
1554 3132 1828 3215 interiit,
1888 3131 1944 3194 si
1991 3131 2269 3214 quidem,

231 3241 398 3304 quae
443 3220 842 3303 nuntiantur,
888 3220 1022 3284 ulla
1067 3242 1147 3283 ex
1189 3224 1373 3321 parte
1418 3241 1569 3284 vera
1615 3222 1781 3284 sunt.
1871 3217 2100 3301 Neque
2148 3240 2268 3304 ego
2306 3235 2338 3283 2

230 3329 366 3371 non
410 3306 756 3409 videbam,
788 3313 1030 3391 quanto
1077 3309 1220 3372 usui
1267 3309 1361 3372 rei
1407 3330 1467 3391 p.
1518 3329 1720 3372 essem
1767 3308 2041 3389 futuruS,
2089 3306 2144 3370 si
2191 3306 2272 3369 ad

230 3395 550 3479 Lepidum
613 3395 964 3480 venissem3
1039 3417 1295 3460 omnem
1360 3397 1532 3460 enim
1597 3396 2071 3460 cunctationem
2135 3395 2271 3458 eius

233 3484 693 3569 discussissem,
738 3484 1117 3569 praesertim
1163 3484 1455 3548 adiutore
1492 3483 1760 3570 Plan003
1806 3483 1919 3549 sed
1964 3483 2273 3548 scribenti
