2567 3884
784 990 1341 1066 ADNOTA'I'IO
1406 991 1801 1065 ORITICA.

358 1277 685 1346 Postquam
704 1277 845 1329 octo
865 1275 1023 1328 annis
1043 1275 1604 1398 (1878--188q31duas
1621 1276 1810 1355 partes
1829 1272 1995 1328 huius
2015 1273 2296 1356 editionis,

258 1347 572 1400 secundam
609 1351 674 1400 et
712 1347 995 1414 quartam,
1032 1347 1299 1400 conficere
1333 1364 1414 1398 mi
1453 1363 1474 1398 1
1509 1344 1674 1398 licuit
1757 1362 1957 1399 rimam
1983 1345 2295 1400 Fudencus

264 1417 419 1470 annis
458 1423 607 1472 1887
649 1421 714 1470 et
752 1421 889 1469 1891
932 1416 1215 1486 absolvit),
1264 1415 1326 1468 in
1369 1415 1540 1470 tertia
1585 1415 1694 1470 toti
1735 1432 1822 1469 em
1859 1433 2032 1470 annos
2080 1432 2295 1470 cessare

260 1491 489 1542 comtus
530 1505 692 1555 sum,
742 1487 878 1539 dum
912 1486 1424 1542 Mendelssohni
1461 1503 1598 1556 opus
1635 1489 1989 1556 expectatum
2024 1486 2083 1539 in
2119 1486 2295 1540 mani-
2407 1485 2414 1494 '

264 1557 367 1612 bus
410 1561 601 1626 esset3
656 1573 798 1610 nam
847 1573 1111 1627 magnam
1154 1557 1205 1610 is
1242 1573 1397 1626 spem
1439 1559 1690 1610 moverat
1734 1557 1862 1610 novi
1907 1560 1967 1610 et
2009 1557 2163 1627 pleni
2199 1574 2296 1626 ap-

264 1632 495 1696 paratus
538 1626 749 1696 critici,
789 1630 957 1681 antea
993 1631 1182 1682 autem
1218 1627 1497 1682 Ciceronis
1534 1626 1803 1696 epistulas
1839 1627 2001 1681 edere
2037 1627 2295 1682 inscitiae

266 1714 329 1751 ac
370 1697 731 1754 temeritatis
776 1697 993 1752 fuisset.
1069 1697 1221 1762 Quae
1268 1714 1396 1767 spes
1440 1714 1552 1752 non
1598 1697 1825 1765 fefellit3
1880 1714 2012 1751 nam
2045 1698 2144 1751 ille
2179 1713 2296 1751 rem

266 1771 383 1822 tam
416 1768 725 1839 praeclare
760 1768 939 1848 gessit
974 1768 1303 1838 colligendis
1353 1771 1411 1822 et
1455 1767 1788 1822 adhibendis
1824 1767 2185 1837 testimoniis,
2232 1771 2298 1822 ut

270 1855 481 1908 aequus
518 1839 702 1893 iudex
735 1838 881 1891 mhil
915 1838 1031 1892 fere
1067 1838 1384 1892 desiderare
1419 1855 1581 1908 posse
1617 1838 1886 1892 videatur.
1943 1839 2127 1908 Atque
2163 1856 2294 1892 usus

268 1913 354 1964 est
386 1909 867 1964 Mendelssohnus
913 1908 1001 1962 his
1046 1909 1288 1963 maxime
1322 1908 1481 1962 libris
1517 1908 1934 1979 manuscriptis:
1991 1909 2294 1963 Mediceo

270 1986 352 2034 49.
392 1987 426 2034 9
467 1997 625 2034 saec.
662 1979 741 2032 IX
778 1981 845 2050 (v.
884 1979 1099 2033 Dessau
1134 1980 1320 2033 Herm.
1361 1979 1540 2033 XXIX
1577 1986 1716 2034 1894
1751 1999 1806 2048 p.
1836 1985 1954 2034 397.
1986 1982 2039 2049 1)
2077 1980 2160 2047 M,
2197 1979 2296 2048 qui

272 2049 397 2104 XVI
431 2050 623 2105 libros
660 2049 1027 2119 epistularum
1059 2049 1326 2118 confinet,
1363 2050 1734 2105 Harleiano
1772 2056 1909 2104 2773
1947 2049 1996 2104 G
2032 2049 2296 2104 saec.XII

272 2123 329 2174 et
352 2120 683 2175 Parisino
713 2126 885 2174 17812
912 2121 964 2174 R
992 2137 1134 2175 saec.
1162 2121 1281 2189 ΧΠ,
1311 2120 1409 2189 qui
1435 2120 1608 2174 libros
1634 2121 1885 2188 I—VHL
1921 2119 2294 2174 Harleiano

274 2195 409 2245 2682
446 2193 505 2245 H
549 2207 705 2264 saec.
742 2191 845 2259 XI,
897 2190 1215 2245 Palatino
1254 2197 1357 2245 598
1394 2191 1442 2243 D
1479 2208 1622 2245 saec.
1659 2190 1941 2262 XVJXVI,
1995 2190 2056 2244 in
2091 2191 2294 2259 quibus

276 2265 403 2316 sunt
438 2278 531 2332 ep.
573 2261 876 2329 IX—XVI,
923 2261 1344 2330 Erfurtensi,
1381 2279 1530 2314 nunc
1564 2261 1908 2315 Berolinensi
1941 2261 2038 2314 fol.
2077 2268 2205 2330 252,
2251 2262 2294 2315 F

278 2347 418 2387 saec.
454 2331 758 2404 XHJXJJI,
814 2331 913 2400 qui
957 2332 1132 2386 habet
1176 2331 1446 2401 epistulas
1493 2348 1560 2386 ex
1602 2331 1762 2385 libris
1797 2332 1922 2400 ΧΠ,
1959 2331 2113 2400 XIII,
2149 2331 2294 2400 XIV,

279 2401 399 2471 XV,
428 2403 593 2470 XVI,
650 2405 709 2456 et
744 2402 972 2471 quidem
1006 2403 1091 2456 ita
1125 2420 1258 2455 usus
1297 2405 1406 2470 est,
1464 2405 1529 2457 ut
1562 2418 1675 2456 non
1711 2403 1890 2456 solum
1923 2402 1984 2454 in
2017 2402 2294 2472 prioribus

276 2476 400 2526 octo
436 2473 625 2541 libris,
664 2473 764 2526 sed
802 2473 975 2527 etiam
1010 2473 1070 2525 in
1104 2472 1524 2542 posterioribus,
1567 2472 1762 2526 ‘dubia
1797 2472 1897 2527 ubi
1930 2489 2019 2527 res
2056 2475 2205 2526 esset
2239 2475 2298 2526 et

282 2540 513 2611 incerta,
550 2543 625 2611 M,
662 2546 906 2597 veterem
942 2544 1156 2612 ducem,
1195 2543 1355 2613 sequi
1389 2543 1606 2597 mallet’
1639 2561 1809 2612 quam
1835 2546 2046 2598 ceteros
2075 2542 2293 2598 codices

282 2615 351 2682 (p.
368 2613 531 2667 XXV
558 2617 691 2684 ex.);
730 2613 823 2667 cui
857 2613 1065 2668 iudicio
1102 2630 1209 2684 ego
1243 2613 1360 2667 fere
1397 2613 1697 2682 adsentior,
1731 2614 1843 2668 nisi
1879 2614 2030 2684 quod
2065 2631 2191 2667 cum
2225 2613 2294 2666 de

282 2684 529 2738 omnium
562 2683 820 2738 codicum
855 2685 964 2738 fide
1000 2687 1059 2738 et
1096 2684 1432 2738 auctoritate
1467 2687 1590 2738 tum
1627 2685 1696 2738 de
1731 2684 1970 2739 Medicei
2003 2684 2174 2753 paulo
2211 2700 2294 2736 se-

284 2771 375 2808 cus
410 2753 751 2823 existimof)

420 2897 471 2966 ⁸¹)
504 2895 663 2949 Haec
698 2895 1053 2949 obtrectandi
1090 2897 1190 2949 aut
1224 2894 1509 2966 gloriandi
1555 2912 1724 2950 causa
1769 2913 1805 2950 a
1838 2911 1928 2949 me
1975 2893 2089 2948 dici
2133 2911 2294 2949 nemo

284 2965 445 3021 homo
496 2983 665 3020 sanus
714 2965 1200 3036 interpretabitur,
1255 2982 1436 3036 neque
1485 2966 1672 3020 hercle
1715 2966 1855 3020 mihi
1898 2964 2014 3019 tale
2065 2964 2201 3034 quid
2235 2966 2295 3018 in

287 3041 525 3091 mentem
558 3035 831 3104 venisset,
866 3036 978 3090 nisi
1012 3036 1225 3090 factum
1261 3039 1436 3105 esset,
1475 3040 1539 3091 ut
1575 3037 1784 3090 similia
1821 3034 1991 3090 simili
2025 3035 2086 3089 in
2124 3053 2295 3090 causa

287 3107 450 3162 verba
484 3124 613 3162 mea
646 3107 709 3160 in
746 3123 868 3160 eam
901 3109 1121 3176 partem
1166 3107 1644 3176 detorquerentur.
1717 3108 1838 3188 Ego
1876 3123 2020 3160 anno
2061 3113 2200 3160 1864
2235 3107 2295 3160 in

288 3176 629 3232 Fleckeiseni
658 3176 954 3231 annalibus
1024 3182 1150 3232 ,268
1164 3195 1281 3248 sqq.
1313 3177 1490 3232 fusius
1519 3179 1588 3232 de
1617 3177 1902 3232 codicibus
1931 3177 2098 3230 ΑΒΗ
2123 3177 2293 3231 libro-

290 3264 409 3301 rum
452 3249 522 3302 de
562 3247 923 3318 philosophia
1010 3247 1383 3318 'sputaveram
1427 3248 1728 3318 Halmique
1783 3248 1852 3302 de
1905 3247 1976 3301 iis
2023 3247 2294 3302 iudicium

292 3319 669 3373 refutaveram.
741 3317 902 3372 Anno
943 3325 1073 3373 1871
1112 3319 1454 3373 Iohannes
1491 3319 1831 3372 Vahlenus
1867 3318 1928 3371 in
1961 3318 2136 3388 praef.
2175 3317 2292 3372 edi-

292 3388 453 3443 h’onis
487 3390 517 3442 I
551 3389 621 3443 de
655 3388 877 3458 legibus
912 3389 1062 3443 idem
1097 3390 1248 3459 quod
1285 3406 1392 3460 ego
1429 3390 1498 3443 de
1537 3388 1821 3442 codicibus
1858 3389 1989 3457 AB,
2028 3387 2183 3442 aliud
2221 3389 2290 3442 de

292 3457 341 3512 Η
386 3459 659 3514 iudicavit
709 3475 893 3513 meam
944 3460 1470 3514 commentationem
1521 3459 1608 3513 vel
1653 3459 1918 3528 ignorans
1968 3458 2056 3512 vel
2091 3458 2290 3512 inutile

296 3527 535 3586 iudicans
573 3546 1014 3585 commemorare.
1086 3531 1152 3584 Id
1189 3531 1273 3585 ita
1308 3547 1398 3584 me
1433 3529 1635 3598 movit,
1685 3532 1750 3583 ut
1783 3529 1844 3582 in
1879 3545 2006 3583 mea
2041 3527 2287 3581 editione

1898 3617 1968 3670 a*
