2567 3884
494 274 498 277 ἡ
603 206 702 259 AD
743 204 984 271 QUINT.
1023 205 1283 261 FRATR.
1324 206 1540 259 LIBER
1574 206 1653 259 111
1691 212 1739 276 1,
1776 212 1825 262 2.
2115 206 2243 269 549

199 349 494 433 litteraS‚
559 370 716 432 quas
773 370 893 434 ego
951 350 1164 432 accepi
1229 372 1280 413 a.
1340 350 1395 413 d.
1456 367 1561 413 1111
1620 349 1698 413 K.
1755 347 2034 431 Octobr„
2088 350 2245 413 satis

203 437 582 501 commodas
642 437 718 501 de
772 437 1164 500 Britannicis
1218 437 1411 501 rebus
1420 488 1437 521 ,
1498 437 1733 520 quibus
1742 489 1760 522 ‚
1812 459 1894 500 ne
1950 437 2244 521 admirer,

204 526 390 609 quod
435 547 474 589 a
516 529 582 589 te
635 525 844 589 nullas
899 526 1278 610 acceperim,
1335 526 1562 589 scribit
1615 548 1681 589 se
1737 526 1873 589 sine
1918 529 1984 589 te
2028 526 2244 609 fuisse,

206 635 362 677 cum
408 613 489 677 ad
533 634 708 676 mare
755 614 1105 677 accesserit.
1198 613 1305 678 Ad
1348 636 1454 677 eas
1501 635 1621 699 ego
1670 614 1730 677 ei
1780 613 2032 677 litteras
2076 612 2244 675 nihil

75 742 80 747 -
146 720 174 758 5
205 701 513 786 rescripsi
559 723 641 765 ne
684 702 1051 787 gratulandi
1090 701 1351 784 quidem
1397 722 1586 765 causa
1629 705 1896 785 propter
1941 702 2077 765 eius
2112 702 2243 764 luc-

202 795 371 854 tum.
455 789 546 852 Te
595 810 708 853 oro
757 790 951 853 etiam
999 792 1190 872 atque
1237 790 1450 875 etiam,
1495 790 1587 853 mi
1632 790 1848 875 frater,
1896 792 1969 853 ut
2013 789 2242 853 valeas.

1181 1016 1265 1082 H.

465 1136 578 1193 Ser.
617 1138 826 1193 Romae
861 1156 914 1192 a.
952 1140 1004 1193 d.
1055 1139 1110 1194 V
1136 1110 1278 1195 Idus
1320 1138 1567 1194 Octobres
1610 1156 1663 1193 a.
1702 1141 1813 1193 700
1852 1140 1991 1205 (54).

499 1260 833 1317 MARCUS
870 1260 1174 1332 QUINTO
1203 1259 1524 1316 FRATRI
1551 1258 1957 1316 SALUTEM.

129 1424 182 1462 ιο
347 1402 425 1467 A.
475 1404 530 1466 d.
577 1421 653 1467 VI
695 1402 848 1467 Idus
896 1402 1154 1468 Octobr.
1204 1401 1457 1468 Salvius
1504 1402 1752 1467 Ostiam
1797 1403 2047 1487 vesperi
2093 1402 2241 1466 navi

209 1492 541 1576 profectus
586 1496 723 1556 erat
767 1513 913 1556 cum
958 1492 1038 1556 iis
1084 1492 1293 1576 rebUS,
1340 1514 1498 1576 quas
1533 1492 1658 1555 tibi
1696 1492 1888 1556 domo
1923 1491 2099 1555 mitti
2135 1512 2244 1555 vo-

211 1580 442 1644 lueras
532 1580 780 1645 Eodem
842 1579 942 1643 die
1004 1578 1351 1644 Gabinium
1411 1581 1492 1643 ad
1547 1581 1860 1664 populum
1918 1580 2243 1643 luculente

216 1667 590 1732 calefecerat
624 1667 985 1753 Memmiu8‚
1031 1668 1122 1731 sic
1167 1673 1241 1731 ut
1279 1667 1528 1732 Calidio
1565 1668 1834 1732 verbum
1879 1668 2086 1732 facere
2122 1689 2241 1751 pro

215 1777 292 1819 eo
348 1778 478 1820 non
530 1756 801 1821 licuerit.
891 1756 1212 1820 Postridie
1267 1760 1484 1819 autem
1537 1756 1673 1819 eius
1730 1756 1886 1839 diei,
1947 1756 2059 1839 qui
2106 1758 2244 1818 erat

134 1862 187 1901 15
214 1848 358 1907 tum
411 1845 692 1928 futurUS,
753 1866 898 1908 cum
953 1844 1110 1907 haec
1163 1844 1522 1907 scribebam
1578 1848 1724 1907 ante
1776 1843 2013 1927 lucem,
2072 1842 2244 1926 apud

219 1930 528 1996 Catonem
565 1936 702 1996 erat
740 1932 1050 1996 divinatio
1086 1933 1156 1995 in
1196 1930 1542 1995 Gabinium
1586 1933 1805 1995 futura
1840 1932 2010 1994 inter
2042 1930 2242 1993 Mem-

215 2020 421 2083 mium
480 2025 544 2084 et
602 2020 697 2083 Ti.
786 2020 1113 2086 Neronem
1173 2024 1236 2083 et
1298 2020 1363 2084 O.
1425 2024 1488 2083 et
1545 2019 1615 2083 L.
1672 2018 1994 2083 Antonios
2050 2017 2136 2081 M.
2198 2019 2240 2081 f.

215 2107 610 2172 Putabamus
654 2109 793 2173 fore
839 2113 911 2173 ut
946 2107 1253 2172 Memmio
1294 2109 1577 2191 daretur,
1625 2108 1745 2172 etsi
1792 2111 1928 2171 erat
1962 2106 2242 2171 Neronis

217 2196 382 2259 mira
440 2198 783 2261 contentiO.
877 2196 1047 2272 Quid
1105 2197 1403 2279 quaeris?
1461 2196 1662 2280 probe
1716 2195 2056 2279 premitur,
2115 2195 2243 2258 nisi

138 2305 191 2343 20
219 2289 437 2348 noster
493 2284 838 2368 Pompeius
903 2285 1000 2348 dis
1061 2284 1560 2368 hominibusque
1622 2284 1846 2348 invitis
1908 2283 2243 2369 negotium

220 2372 536 2437 everterit.
613 2372 941 2459 Cognosce
977 2394 1148 2435 nunc
1190 2372 1475 2437 hominis
1520 2372 1849 2436 audaciam
1888 2376 1951 2436 et
1997 2372 2245 2456 aliquid

218 2460 287 2524 in
332 2482 400 2523 re
445 2461 705 2543 publica
748 2461 1000 2544 perdita
1051 2461 1381 2525 delectare.
1471 2460 1634 2525 Cum
1688 2460 2031 2543 Gabinius,
2091 2480 2242 2543 qua-

220 2570 489 2631 cumque
551 2549 880 2634 veniebat‚
954 2548 1357 2631 triumphum
1420 2570 1488 2612 se
1552 2550 1885 2649 postulare
1960 2548 2244 2631 dixisset,

221 2636 561 2720 subitoque
619 2637 828 2701 bonus
885 2637 1237 2721 imperator
1294 2641 1490 2701 noctu
1545 2637 1613 2700 in
1672 2637 1900 2701 urbem
1956 2634 2244 2698 hostium

141 2741 194 2782 25
220 2725 474 2808 plenam
536 2725 902 2808 invasisset,
969 2726 1039 2789 in
1103 2728 1395 2788 senatum
1459 2747 1527 2789 se
1588 2746 1719 2788 non
1783 2722 2243 2787 committebat.

220 2810 487 2876 Interim
533 2813 674 2897 ipso
722 2813 967 2877 decimo
1015 2813 1134 2897 die,
1181 2835 1310 2897 quo
1357 2834 1503 2877 eum
1549 2812 1889 2896 oportebat
1925 2812 1972 2895 †
2006 2810 2245 2873 hostia-

222 2923 364 2964 rum
408 2922 745 2965 numerum
792 2904 857 2965 et
900 2900 1183 2964 militum
1229 2901 1622 2983 renuntiare,
1680 2899 1951 2983 inrepsit
1997 2920 2247 2961 summa

221 2989 664 3072 infrequentia.
759 2986 920 3053 Cum
966 2989 1160 3053 vellet
1206 2990 1413 3073 exire,
1459 3010 1497 3051 a
1542 2988 1912 3051 consulibus
1958 2989 2247 3049 retentus

223 3080 342 3161 est3
404 3077 756 3141 introducti
799 3077 1164 3178 publicani.
1255 3076 1472 3140 Homo
1527 3076 1809 3158 undique
1855 3077 1902 3160 †
1948 3075 2116 3138 atius
2163 3078 2245 3158 et,

141 3182 196 3223 8⁰
224 3186 367 3228 cum
412 3186 450 3228 a
493 3187 596 3228 me
641 3166 918 3229 maxime
963 3164 1436 3249 vulneraretur,
1490 3186 1621 3227 non
1665 3164 1819 3226 tulit
1865 3167 1929 3227 et
1972 3184 2077 3226 me
2121 3166 2246 3225 tre-

220 3252 422 3316 menti
466 3274 621 3316 voce
667 3254 951 3317 exsulem
997 3252 1361 3337 appellavit.
1453 3252 1579 3315 Hic
1626 3250 1693 3339 (o
1733 3252 1853 3315 dii!
1898 3250 2067 3314 nihil
2110 3272 2247 3313 um-

223 3363 414 3424 quam
456 3340 986 3404 honorificentius
1021 3342 1210 3405 nobis
1245 3338 1507 3427 accidit)
1554 3339 1955 3404 consurrexit
1992 3342 2248 3403 senatus

223 3450 367 3492 cum
413 3427 688 3492 clamore
734 3430 816 3492 ad
859 3450 1086 3514 unum,
1146 3430 1237 3493 sic
1293 3433 1367 3493 ut
1412 3429 1494 3493 ad
1538 3450 1769 3513 corpus
1816 3428 1952 3493 eius
1998 3426 2250 3491 accede—

223 3520 344 3603 ret3
387 3515 531 3599 pari
559 3517 834 3584 clamore
863 3521 1055 3601 atque
1083 3518 1330 3601 impetu
1357 3518 1703 3601 publicani.
1752 3516 1923 3593 Quid
1951 3516 2249 3600 quaeris?
