2567 3884
244 1318 272 1365 1

311 186 344 247 1
357 185 439 248 78
1068 184 1581 239 EPISTULARUM

307 330 382 393 ut
417 328 505 392 sis
539 328 610 392 in
644 328 1071 393 familiaribus
1119 327 1422 393 Caesaris.
1488 328 1769 393 Multum
1805 332 1871 392 te
1916 328 1985 391 in
2021 350 2098 392 eo
2133 329 2335 393 frater

309 416 638 481 adiuvabit
681 438 879 502 meus,
922 418 1200 481 multum
1245 417 1506 501 Balbus,
1552 416 1680 500 sed,
1724 416 1887 480 mihi
1932 415 2136 500 crede,
2180 420 2334 479 tuus

306 505 516 589 pudor
561 509 625 569 et
668 505 854 570 labor
889 506 1265 589 plurimum.
1359 505 1407 588 †
1447 503 1911 588 Imperatorem
1962 503 2335 568 liberalissi-

307 615 504 677 mum,
541 596 814 657 aetatem
843 594 1472 677 opportunissimam,
1509 592 2127 658 commendationem
2162 594 2335 657 certe

309 681 728 767 singularem,
786 685 860 744 ut
914 682 1038 746 tibi
1083 704 1284 746 unum
1332 680 1689 745 timendum
1736 681 1845 766 sit,
1900 702 1981 745 113
2027 680 2163 765 ipse
2206 680 2334 745 tibi
2392 698 2425 739 5

310 770 585 833 defuisse
632 769 902 833 videare.

1229 926 1409 991 VIII.

692 1046 805 1103 Ser.
845 1048 1052 1103 Romae
1087 1066 1170 1104 ex.
1207 1065 1277 1103 m.
1323 1048 1539 1118 Quinct.
1577 1066 1630 1103 a.
1671 1051 1783 1103 ⁷00
1822 1050 1960 1115 (54).

975 1169 1231 1225 CICERO
1279 1169 1660 1225 TREBATIO.

458 1296 729 1381 Scripsit
792 1297 874 1361 ad
933 1319 1036 1361 me
1096 1295 1330 1361 Caesar
1385 1295 1866 1380 perhumaniter
1924 1295 2210 1359 nondum
2268 1300 2337 1360 te
2368 1318 2424 1357 ιο

314 1385 439 1450 sibi
493 1386 648 1450 satis
703 1406 840 1450 esse
897 1385 1279 1449 familiarem
1340 1388 1608 1468 propter
1671 1384 2117 1467 occupationes
2170 1405 2337 1470 suas,

314 1474 425 1537 sed
471 1477 640 1537 certe
685 1474 839 1538 fore.
933 1471 1053 1537 Cui
1099 1473 1360 1557 quidem
1406 1494 1527 1559 ego
1572 1471 1887 1556 rescripsi,
1935 1494 2127 1555 quam
2170 1472 2338 1536 mihi

311 1565 570 1647 gratum
616 1564 780 1625 esset
824 1562 1132 1645 futurum,
1177 1562 1234 1625 si
1279 1582 1475 1644 quam
1516 1560 1869 1644 plurimum
1912 1560 1982 1623 in
2016 1564 2083 1624 te
2118 1560 2337 1645 studii,

314 1649 531 1734 officii,
573 1649 980 1713 liberalitatis
1015 1671 1165 1713 suae
1201 1648 1592 1712 contulisset.
1659 1646 1785 1712 Sed
1820 1669 1900 1712 ex
1934 1648 2065 1712 tuis
2097 1647 2339 1713 litteris

313 1737 588 1823 cognovi
632 1758 1123 1821 praeproperam
1169 1737 1490 1821 quandam
1524 1736 2001 1800 festinationem
2044 1740 2223 1800 tuam
2268 1740 2337 1800 et
2369 1756 2424 1797 15

315 1825 507 1889 simul
543 1847 686 1889 sum
721 1826 1088 1909 admiratuS,
1134 1846 1248 1889 cur
1281 1825 1651 1889 tribunatus
1686 1824 2036 1909 commoda,
2075 1823 2336 1908 dempto

247 1933 278 1980 2
314 1914 691 1997 praesertim
735 1913 956 1977 labore
1000 1913 1289 1999 militiae,
1335 1912 1807 1997 contempseris
1901 1911 2143 1988 Querar
2188 1933 2337 1977 cum

247 3249 275 3296 1

315 2000 598 2067 Vacerra
640 2004 706 2066 et
749 2001 1044 2087 Manilio3
1097 2024 1249 2065 nam
1296 1999 1594 2065 Cornelio
1650 2000 1817 2065 nihil
1861 2000 2061 2065 audeo
2110 1999 2336 2085 dicere,

319 2090 498 2154 cuius
542 2093 616 2154 tu
659 2090 946 2174 periculo
992 2090 1229 2154 stultus
1275 2112 1359 2173 33,
1406 2089 1711 2173 quoniam
1752 2092 1820 2152 te
1865 2088 1947 2152 ab
1993 2110 2069 2152 eo
2116 2110 2336 2172 sapere

317 2177 612 2242 didicisse
664 2178 1004 2262 profiteris.
1095 2176 1266 2253 Quin
1320 2180 1395 2241 tu
1448 2198 1639 2263 urges
1691 2176 1882 2240 istam
1937 2177 2337 2240 occasionem
2364 2197 2421 2237 πο

316 2270 382 2329 et
424 2265 812 2350 facultatem,
858 2288 986 2350 qua
1018 2266 1247 2330 melior
1292 2287 1643 2349 numquam
1678 2264 2077 2348 reperietur?
2149 2263 2341 2340 Quod

317 2353 544 2417 scribis
603 2353 680 2417 de
738 2354 854 2418 illo
897 2353 1206 2418 Preciano
1263 2353 1699 2417 iureconsulto
1712 2403 1731 2437 ‚
1791 2373 1911 2438 ego
1969 2356 2036 2416 te
2089 2352 2149 2416 ei
2204 2374 2339 2416 non

317 2441 535 2505 desino
574 2442 1039 2529 commendare3
1086 2441 1312 2506 scribit
1347 2442 1519 2505 3111111
1554 2441 1690 2525 ipse
1735 2440 1897 2504 mihi
1932 2443 1998 2504 te
2035 2440 2161 2504 sibi
2196 2463 2338 2526 gra-

315 2530 439 2593 tias
501 2550 689 2615 agere
754 2530 998 2594 debere.
1087 2529 1186 2594 De
1240 2551 1318 2593 eo
1364 2529 1522 2613 quid
1578 2529 1687 2612 sit,
1754 2549 1929 2613 cura,
1993 2532 2067 2592 ut
2122 2529 2337 2593 sciam.

315 2617 459 2704 Ego
504 2620 750 2681 vestras
795 2617 1198 2683 Britannicas
1243 2618 1495 2681 litteras
1541 2619 1855 2701 exspecto.
2366 2637 2420 2676 25

1267 2843 1379 2911 IX.

735 2966 848 3023 Ser.
889 2967 1096 3021 Romae
1131 2984 1213 3022 ex.
1251 2985 1321 3022 m.
1361 2966 1504 3038 Sept.
1542 2986 1595 3023 a.
1638 2970 1748 3022 700
1786 2969 1924 3037 (54).

989 3088 1245 3144 CICERO
1283 3088 1665 3144 TREBATIO.

445 3232 586 3297 Iam
633 3233 744 3297 diu
790 3233 1040 3319 ignoro,
1087 3233 1244 3317 quid
1290 3255 1470 3319 agas3
1513 3233 1680 3297 nihil
1724 3233 1896 3297 enim
1933 3232 2191 3299 scribis·
2236 3256 2344 3298 ne-

316 3342 440 3405 que
487 3344 522 3385 e
569 3343 607 3385 o
656 3320 737 3384 ad
779 3326 846 3386 te
888 3320 992 3385 his
1039 3321 1289 3385 duobus
1332 3321 1662 3385 mensibus
1698 3322 2090 3406 scripseram.
2156 3286 2344 3399 Quod
2368 3342 2420 3381 so

316 3430 461 3471 cum
576 3408 760 3473 uinto
815 3409 1013 3473 fratre
1067 3431 1211 3473 meo
1266 3431 1399 3473 non
1454 3431 1617 3495 3133,
1677 3431 1805 3493 quo
1859 3410 2185 3475 mitterem
2230 3415 2343 3476 aut

316 3496 418 3559 cui
467 3496 701 3582 darem,
746 3496 1124 3561 nesciebam.
1218 3495 1425 3582 Cupio
1471 3497 1657 3584 scire,
1718 3498 1875 3583 quid
1919 3520 2070 3585 agas
2116 3502 2182 3563 et
2225 3499 2342 3563 ubi
2446 3573 2455 3583 ‚
