2567 3884
319 198 444 263 108
1065 199 1581 253 EPISTULARUM

310 340 942 426 pulcherrimumque
1005 341 1106 406 ius
1169 342 1538 425 iurandum,
1604 341 1779 425 quod
1829 342 2107 426 populus
2170 342 2346 406 idem

241 448 275 498 8
312 450 549 530 magna
580 452 738 494 voce
770 452 876 495 me
911 451 1061 493 vere
1097 429 1343 493 iurasse
1378 429 1632 494 iuravit.
1724 428 1867 493 Hac
1909 434 2170 514 accepta
2204 434 2343 495 tam

312 517 554 603 insigni
609 518 850 584 iniuria
906 522 1123 582 tamen
1180 518 1297 582 illo
1343 517 1484 601 ipso
1532 518 1635 581 die
1677 518 1829 582 misi
1873 518 1957 581 ad
2006 516 2348 583 Metellum

314 606 671 671 communis
696 606 955 691 amicos,
1001 606 1114 690 qui
1149 609 1415 692 agerent
1450 626 1596 669 cum
1633 626 1729 689 ec,
1774 610 1848 669 ut
1877 606 1953 669 de
1980 606 2093 669 illa
2126 610 2348 671 mente

316 692 664 758 desisteret.
757 693 1004 771 Quibus
1056 693 1168 758 ille
1222 694 1555 795 respondit
1612 693 1739 757 sibi
1796 714 1929 757 non
1988 716 2123 758 esse
2182 694 2347 759 inte-
2406 713 2435 753 5

313 802 532 882 grum3
585 782 824 846 etenim
876 781 1070 866 paulo
1125 785 1274 846 ante
1328 782 1397 845 in
1443 780 1742 845 contione
1789 781 2038 846 dixerat
2082 782 2169 866 ei,
2231 783 2347 867 qui

313 869 382 932 in
429 869 589 934 alios
635 870 921 933 animum
968 869 1346 934 advertisset
1390 869 1635 933 indicta
1678 890 1884 954 causa,
1930 870 2238 934 dicendi
2218 871 2347 954 ipsi

313 960 700 1058 potestatem
754 957 898 1021 fieri
954 978 1087 1021 non
1141 961 1454 1041 oportere.
1553 956 1902 1022 Hominem
1959 980 2225 1044 gravem
2281 962 2349 1023 et

316 1044 521 1109 civem
567 1045 927 1132 egregiuml
975 1044 1105 1129 qui,
1151 1066 1278 1128 qua
1320 1066 1529 1129 poena
1573 1049 1830 1109 senatus
1877 1067 2188 1111 consensu
2232 1046 2351 1111 bo-

313 1153 548 1197 norum
594 1133 884 1197 omnium
930 1153 1039 1197 eos
1084 1133 1422 1216 adfecerat,
1470 1133 1584 1217 qui
1628 1133 1857 1197 urbem
1902 1133 2240 1198 incendere
2278 1138 2345 1198 et
2375 1155 2433 1193 ιο

313 1221 732 1306 magistratus
791 1242 864 1285 ac
923 1224 1217 1285 senatum
1273 1221 1627 1306 trucidare,
1685 1221 1930 1285 bellum
1986 1222 2347 1286 maximum

316 1309 594 1373 conflare
637 1308 1017 1393 voluissent,
1073 1309 1295 1373 eadem
1340 1308 1608 1395 dignum
1654 1308 1966 1373 iudicaret
2012 1332 2184 1395 eum,
2233 1312 2348 1394 qui

316 1396 560 1459 curiam
598 1397 804 1480 caede,
850 1397 1078 1460 urbem
1113 1396 1445 1481 incendiiS,
1488 1394 1745 1460 Italiam
1782 1397 1955 1461 bello
1990 1398 2347 1463 liberasset.

310 1482 540 1567 Itaque
584 1506 706 1570 ego
751 1484 1034 1568 Meter,
1079 1484 1267 1548 fratri
1311 1488 1445 1568 1110,
1488 1485 1812 1569 praesenti
1855 1486 2083 1550 restiti.
2172 1485 2348 1551 Nam

315 1572 384 1635 in
429 1574 655 1635 senatu
700 1572 780 1635 K.
824 1570 1140 1636 Ianuariis
1194 1573 1288 1637 616
1342 1594 1486 1637 611111
1534 1593 1609 1637 60
1658 1573 1735 1636 (16
1779 1594 1849 1636 16
1893 1596 1955 1657 Ρ.
2003 1574 2347 1659 disputavi,
2377 1593 2434 1634 15

314 1663 391 1723 ut
433 1659 701 1724 sentiret
759 1660 885 1725 sibi
944 1682 1089 1725 cum
1133 1660 1276 1725 viro
1335 1661 1493 1725 forti
1546 1664 1613 1725 et
1666 1661 1985 1725 constanti
2041 1684 2177 1727 esse
2230 1684 2349 1747 pu÷

315 1747 659 1834 gnandum.
762 1747 840 1812 A.
899 1748 955 1812 d
1010 1748 1279 1812 tertium
1336 1748 1505 1814 Non.
1559 1747 1691 1813 Ian.
1752 1770 1899 1812 cum
1958 1772 2147 1836 agere
2208 1771 2349 1815 coe-

314 1836 532 1920 pisset,
577 1836 772 1901 tertio
821 1858 1077 1920 quoque
1121 1837 1321 1901 verbo
1367 1836 1678 1901 orationis
1723 1858 1874 1901 suae
1916 1860 2021 1902 me
2068 1838 2349 1922 appella-

314 1924 445 2007 bat,
488 1924 654 1988 mihi
695 1925 1090 2008 minabatur,
1144 1946 1352 2009 neque
1397 1925 1497 1989 illi
1542 1925 1885 2008 quicquam
1932 1926 2349 1992 deliberatius

313 2012 441 2076 fuit
486 2034 680 2097 quam
722 2034 845 2096 1116,
892 2034 1292 2097 quacumque
1345 2013 1593 2077 ratione
1637 2017 1881 2097 posset,
1924 2036 2057 2079 non
2102 2014 2347 2080 iudicio
2376 2034 2433 2074 so

312 2122 521 2184 neque
568 2101 1046 2185 disceptatione,
1091 2100 1205 2164 sed
1247 2099 1314 2165 vi
1359 2105 1552 2185 atque
1597 2101 1994 2185 inpressione
2040 2107 2347 2167 evertere.

312 2188 526 2252 Huius
571 2209 693 2274 ego
738 2188 1091 2253 temeritati
1126 2188 1183 2252 si
1217 2188 1460 2253 virtute
1504 2193 1699 2272 atque
1743 2190 1958 2253 animo
1994 2212 2127 2255 non
2163 2192 2349 2256 resti-

312 2277 553 2360 tissem,
599 2276 744 2360 quis
779 2280 964 2361 esset,
1010 2276 1122 2360 qui
1153 2298 1260 2341 me
1295 2277 1365 2340 in
1402 2276 1737 2341 consulatu
1770 2299 1903 2342 non
1941 2299 2091 2343 casu
2125 2279 2348 2363 potius

314 2364 712 2429 existimaret
757 2386 949 2448 quam
995 2364 1263 2429 consilio
1309 2365 1544 2429 fortem
1589 2365 1829 2429 fuisse?

243 2472 275 2519 9
446 2451 625 2516 Haec
668 2452 725 2516 si
768 2456 842 2516 tu
877 2450 1212 2516 Metellum
1249 2452 1535 2538 cogitare
1573 2453 1650 2517 de
1684 2475 1789 2517 me
1825 2453 2102 2538 nescisti,
2151 2454 2346 2519 debes
2376 2474 2431 2514 25

315 2539 683 2604 existimare
729 2544 794 2605 te
838 2541 1138 2604 maximis
1185 2541 1261 2604 de
1308 2540 1499 2605 rebus
1545 2564 1584 2604 a
1626 2542 1826 2605 fratre
1863 2563 1998 2606 esse
2036 2542 2347 2629 celatum3

313 2628 415 2692 sin
460 2632 674 2692 autem
729 2628 975 2713 aliquid
1026 2628 1386 2713 impertivit
1427 2629 1553 2693 tibi
1607 2629 1708 2693 sui
1765 2630 2043 2714 consilii,
2095 2630 2263 2695 lenis
2309 2654 2350 2695 a

312 2720 378 2780 te
424 2720 490 2781 61
534 2717 741 2781 facilis
795 2717 1150 2781 existimari
1197 2716 1426 2799 debeo,
1483 2716 1596 2800 qui
1646 2717 1814 2781 nihil
1857 2720 2070 2782 16611111
2119 2718 2196 2782 (16
2240 2718 2347 2783 his

312 2804 470 2888 ipsis
498 2804 690 2869 rebus
717 2805 1135 2888 expostulem.
1199 2803 1307 2888 Et,
1352 2804 1409 2869 61
1443 2804 1768 2891 intellegis
1801 2827 1935 2870 non
1969 2828 2073 2870 me
2120 2806 2345 2871 ‘dicto'

312 2890 587 2975 Metelli,
642 2897 717 2956 ut
761 2893 1015 2975 scribis,
1073 2892 1185 2957 sed
1239 2892 1509 2957 consilio
1554 2893 1691 2957 eius
1737 2894 2079 2977 animoque
2124 2894 2195 2958 in
2239 2918 2345 2959 me
2374 2915 2428 2955 80

312 2980 756 3045 inimicissimo
811 3002 946 3045 esse
1000 2983 1422 3065 commotum,
1482 3002 1793 3067 cognosce
1838 3003 2010 3045 nunc
2051 2981 2347 3047 humani-

311 3071 513 3132 tatem
575 3090 817 3153 meam,
884 3069 939 3132 si
1001 3068 1369 3132 humanitas
1433 3069 1874 3153 appellandast
1937 3070 2006 3133 in
2071 3071 2346 3135 acerbis-

311 3155 476 3219 sima
536 3156 774 3220 iuiuria
835 3156 1127 3220 remissio
1201 3156 1401 3219 animi
1473 3178 1547 3220 66
1619 3156 1973 3222 (11660111110.
2080 3157 2347 3223 Nullast

312 3265 351 3305 a
393 3264 498 3307 me
542 3265 849 3327 umquam
904 3244 1222 3308 sententia
1276 3243 1448 3307 dicta
1491 3244 1563 3308 in
1608 3245 1877 3309 fratrem
1919 3249 2132 3332 tuum3
2188 3268 2346 3331 quo-

310 3330 752 3414 tienscumque
797 3331 1043 3415 aliquid
1087 3335 1183 3396 est
1229 3335 1461 3416 actum,
1506 3332 1731 3398 sedens
1776 3333 1857 3397 iis
1903 3334 2181 3418 adsensi,
2230 3336 2345 3419 qui
2374 3354 2425 3395 ³⁵

309 3417 474 3481 mihi
516 3418 840 3483 lenissime
894 3419 1131 3483 sentire
1184 3418 1308 3483 visi
1366 3423 1532 3483 sunt.
1621 3419 1876 3485 Addam
1922 3422 2086 3486 illud
2129 3423 2347 3509 etiam,

312 3504 486 3588 quod
539 3505 668 3569 iam
715 3528 835 3593 ego
883 3528 1104 3571 curare
1149 3527 1281 3571 non
1329 3507 1549 3592 debui,
1606 3509 1720 3574 sed
1762 3514 1980 3574 tamen
2024 3510 2168 3575 fieri
2212 3532 2346 3577 non
