2567 3884
196 3317 224 3363 1

704 131 724 164 l

253 173 335 236 76
1003 170 1519 224 EPISTULARUM

247 314 524 378 formam
570 313 1007 378 communium
1062 317 1428 397 temporum
1475 317 1540 377 et
1592 313 1795 377 totius
1840 313 1936 377 rei
1978 311 2281 397 publicae

248 402 485 466 misisti
530 423 920 487 expressam,
974 401 1319 486 prudentia
1371 401 1735 465 litterarum
1788 405 2046 464 tuarum
2091 400 2279 464 valde

249 489 412 554 mihi
458 494 554 554 est
598 495 810 577 grata3
863 490 1053 554 video
1100 489 1271 553 enim
1320 494 1384 553 et
1429 489 1714 573 pericula
1757 489 2025 574 leviora,
2082 510 2279 572 quam

249 577 590 662 timebam,
655 582 720 642 et
776 577 1024 642 maiora
1079 577 1428 662 praesidia,
1488 577 1835 661 siquidem,
1898 581 1972 641 ut
2031 577 2279 661 scribiS,

251 687 470 730 omnes
523 665 695 730 vires
754 665 1034 730 civitatis
1092 687 1159 730 se
1219 666 1302 729 ad
1358 665 1627 749 Pompei
1688 667 1948 729 ductum
2004 664 2280 748 adplicar
2342 681 2373 723 5

248 759 506 839 verunt3
549 758 862 837 tuumque
907 754 1102 818 simul
1143 757 1518 838 promptum
1564 753 1849 817 animum
1896 757 1960 816 et
2004 753 2280 816 alacrem

249 842 547 926 perspexi
601 843 684 906 ad
739 842 1198 906 defendendam
1253 863 1389 905 rem
1443 841 1769 925 publicam
1813 841 2281 924 mirificamque

251 931 391 1014 cepi
435 930 833 1013 voluptatem
880 951 959 994 ex
993 930 1116 994 hac
1148 934 1262 993 tua
1300 929 1652 1015 diligentia,
1699 929 1873 1013 quod
1907 929 1975 992 in
2012 929 2281 992 summis

251 1018 383 1082 tuis
446 1017 973 1101 occupationibus
1031 1017 1195 1081 mihi
1252 1022 1470 1081 tamen
1533 1017 1628 1081 rei
1685 1016 1980 1101 publicae
2040 1020 2282 1081 statum

251 1127 368 1190 per
411 1109 477 1169 te
522 1109 751 1169 notum
797 1126 932 1168 esse
976 1105 1258 1169 voluisti.
1347 1104 1519 1170 Nam
1579 1105 1905 1192 auguralis
1947 1104 2150 1169 libros
2198 1104 2283 1168 ad
2308 1124 2371 1164 ιο

255 1215 591 1258 commune
637 1193 972 1276 utriusque
1015 1197 1311 1258 nostrum
1358 1193 1564 1257 otium
1611 1215 1807 1258 serva.
1896 1192 2042 1279 Ego
2090 1192 2282 1277 enim,

255 1305 292 1344 a
336 1285 403 1345 te
448 1302 594 1345 cum
637 1285 752 1344 tua
794 1281 1111 1364 promissa
1153 1303 1270 1365 per
1313 1281 1563 1345 litteras
1608 1280 2015 1367 flagitabam,
2062 1280 2143 1344 ad
2178 1302 2285 1344 ur-

254 1370 403 1432 bem
449 1372 514 1432 te
560 1367 1021 1433 otiosissimum
1067 1390 1204 1434 esse
1249 1368 1637 1454 arbitrabar3
1696 1390 1867 1433 nunc
1909 1372 2151 1453 tamen,
2208 1373 2284 1432 ut

257 1457 394 1540 ipse
451 1456 776 1540 polliceris
789 1507 807 1540 ,
865 1479 984 1541 pro
1045 1456 1461 1543 auguralibus
1518 1457 1706 1521 libris
1762 1457 2083 1521 orationes
2135 1461 2283 1520 tuas

259 1544 578 1608 confectas
625 1545 834 1607 omnis
880 1545 1277 1629 exspectabo.
2314 1561 2371 1601 15

391 1631 468 1695 D.
515 1631 791 1717 Tullius,
848 1632 952 1697 cui
1004 1633 1305 1696 mandata
1358 1632 1440 1695 ad
1491 1653 1595 1696 me
1643 1632 1901 1717 dedisti,
1957 1654 2090 1696 non
2136 1653 2284 1696 con-

257 1723 520 1784 venerat
571 1741 703 1805 me3
759 1741 877 1784 nec
935 1725 1072 1784 erat
1129 1721 1259 1784 iam
1313 1720 1653 1804 quisquam
1710 1741 1960 1784 mecum
2018 1725 2283 1784 tuorum

257 1812 512 1892 praeter
557 1829 777 1872 omnes
821 1830 1016 1892 meos,
1063 1808 1174 1892 qui
1219 1813 1371 1872 sunt
1396 1825 1636 1873 omnes
1679 1808 1795 1872 tui.
1886 1807 2285 1872 eStomacho—

259 1896 492 1961 siores'
550 1917 724 1960 meas
781 1895 1032 1960 litteras
1092 1918 1250 1979 quas
1310 1895 1481 1959 dicas
1541 1917 1706 1980 esse,
1768 1917 1900 1960 non
1956 1896 2284 1982 intellego

257 1983 372 2047 Bis
417 1984 499 2047 ad
540 1988 607 2048 te
652 1983 879 2067 scripsi
921 2005 1025 2048 me
1070 2005 1353 2085 purgans
1400 1983 1759 2070 diligenter,
1803 1987 1868 2048 te
1912 1983 2142 2048 leviter
2186 2005 2285 2047 ac-
2315 2002 2371 2040 20

260 2093 486 2135 cusans
531 2071 600 2134 in
645 2093 739 2155 e0,
786 2071 959 2155 quod
995 2072 1073 2135 de
1107 2095 1211 2136 me
1249 2072 1377 2136 cito
1416 2071 1803 2136 credidisses.
1844 2071 2057 2173 Quod
2080 2094 2287 2158 genus

261 2159 555 2242 querelae
611 2159 776 2223 mihi
834 2160 1094 2242 quidem
1146 2159 1487 2224 videbatur
1542 2181 1677 2223 esse
1732 2159 1947 2245 amici3
2006 2159 2106 2223 sin
2159 2159 2286 2223 tibi

262 2247 573 2330 displicet,
617 2269 749 2311 non
794 2250 940 2310 utar
977 2269 1052 2312 eo
1089 2248 1374 2330 posthac.
1466 2246 1609 2332 Sed,
1656 2247 1729 2331 si,
1774 2251 1848 2311 ut
1884 2247 2129 2332 scribiS,
2175 2269 2287 2312 eae

259 2335 514 2398 litterae
559 2355 690 2398 non
735 2335 996 2398 fuerunt
1051 2335 1409 2418 disertae,
1468 2335 1629 2399 scito
1674 2357 1849 2400 meas
1892 2357 2025 2400 non
2069 2335 2285 2400 fuisse.

259 2421 355 2487 Ut
427 2421 599 2486 enim
660 2420 1073 2487 Aristarchus
1143 2386 1417 2488 Homeri
1485 2445 1741 2487 versum
1804 2427 2028 2509 negat,
2094 2446 2286 2507 quem
2316 2440 2368 2480 2⁵

259 2531 392 2574 non
436 2509 696 2594 probat,
751 2511 843 2574 sic
884 2515 960 2575 tu
1007 2509 1196 2598 (libet
1250 2511 1421 2576 enim
1467 2511 1631 2575 mihi
1677 2509 1931 2598 iocari),
1976 2512 2151 2612 quod
2196 2512 2289 2576 di—

261 2601 505 2662 sertum
556 2619 688 2661 non
743 2599 892 2683 erit,
946 2621 1027 2663 ne
1081 2599 1329 2683 putaris
1382 2620 1614 2663 meum.
1706 2597 1869 2663 Vale
1914 2603 1978 2663 et
2031 2599 2100 2663 in
2146 2621 2289 2664 cen-

261 2708 435 2771 sura,
501 2685 556 2749 si
610 2685 739 2749 iam
786 2708 852 2750 es
899 2707 1146 2773 censor,
1202 2691 1276 2751 ut
1322 2708 1534 2772 spero,
1593 2688 1669 2751 de
1723 2709 1963 2771 proavo
2008 2688 2289 2752 multum

263 2774 547 2860 cogitato
591 2778 725 2838 tuo.

1201 2931 1344 2996 XII.
2318 2953 2374 2992 30

410 3053 523 3110 Ser.
564 3052 730 3108 Sidae
765 3071 816 3107 a.
857 3053 908 3108 d.
948 3053 1062 3106 III
1088 3059 1190 3107 aut
1217 3053 1369 3122 prid.
1399 3053 1547 3107 Non.
1580 3052 1725 3108 Sext.
1764 3071 1816 3108 a.
1858 3057 1967 3109 704
2005 3056 2143 3121 (50).

791 3173 1047 3228 CICERO
1084 3173 1301 3228 APPIO
1338 3174 1673 3230 PULCHRO
1713 3175 1766 3232 S.

402 3297 790 3364 Gratulabor
832 3300 958 3364 tibi
1002 3299 1208 3384 prius3
1254 3299 1348 3362 ita
1393 3300 1565 3364 enim
1611 3323 1825 3366 rerum
1872 3301 2028 3366 ordo
2073 3306 2294 3385 postu—

264 3388 384 3472 lat3
447 3388 672 3452 deinde
727 3388 809 3451 ad
859 3409 963 3452 me
1024 3390 1374 3451 convertar.
1464 3387 1610 3474 Ego
1670 3411 1823 3454 vero
1882 3389 2295 3454 vehementer

265 3474 559 3559 gratulor
615 3474 691 3539 de
746 3475 984 3539 iudicio
1032 3474 1338 3559 ambitus,
1406 3497 1613 3559 neque
1669 3476 1761 3562 id,
1824 3478 1997 3561 quod
2048 3478 2296 3543 nemini
2322 3494 2373 3535 ³5
