2567 3884
661 156 760 209 AD
800 155 1041 221 QUINT.
1079 155 1341 211 FRATR.
1376 155 1593 208 LIBER
1627 156 1653 209 I
1692 162 1737 209 1.
2087 156 2219 219 495

191 302 259 363 et
297 298 734 383 Chaerippum
771 302 835 363 et
869 298 1235 363 Labeonem
1272 304 1338 363 et
1384 299 1573 363 audio
1610 302 1692 383 et,
1739 299 1891 382 quia
1927 300 2219 385 cognovi,

191 387 515 471 existimo,
559 387 726 451 nihil
762 390 875 472 est,
922 387 1096 470 quod
1130 409 1261 451 non
1300 391 1365 451 et
1405 386 1503 472 iis,
1548 390 1615 451 et
1650 386 1705 450 si
1743 388 1887 471 quis
1924 392 2020 451 est
2056 388 2221 452 alius

191 475 482 539 eiusdem
525 474 722 560 modi,
768 479 834 538 et
879 475 1198 539 committi
1243 479 1311 539 et
1356 474 1528 539 credi
1574 475 1925 539 rectissime
1970 479 2220 561 putem3

191 564 322 647 sed,
369 563 426 626 si
473 563 616 646 quis
663 566 775 647 est,
822 563 891 626 in
927 585 1056 646 quo
1103 564 1232 628 iam
1269 563 1628 647 offenderis,
1676 564 1752 627 de
1799 585 1927 646 quo
1974 564 2219 647 aliquid

130 670 160 711 5
191 651 484 734 senseris,
529 651 682 715 huic
715 650 883 714 nihil
919 652 1278 737 credideriS,
1324 651 1569 715 nullam
1612 654 1862 734 partem
1900 651 2220 715 existima-

187 739 392 803 tionis
437 743 585 802 tuae
631 739 1040 803 commiseris

323 825 404 889 In
448 827 780 910 provincia
824 849 976 891 vero
1030 828 1169 911 ipsa
1224 827 1280 892 si
1335 849 1527 911 quem
1572 848 1639 891 es
1683 830 1909 891 nactus
1916 878 1933 911 ,
1992 827 2103 911 qui
2150 828 2217 891 in

187 919 373 979 tuam
427 914 931 979 familiaritatem
988 916 1244 999 penitus
1299 915 1588 998 intrarit,
1654 915 1766 998 qui
1824 915 2013 979 nobis
2070 920 2217 979 ante

190 1004 394 1067 fuerit
438 1003 718 1089 ignotus,
762 1003 915 1067 huic
951 1008 1262 1086 quantum
1300 1004 1686 1067 credendum
1730 1003 1833 1088 sit,
1879 1004 2041 1088 vide,
2087 1026 2219 1067 non

107 1113 164 1151 ιο
195 1092 359 1175 (111111
403 1091 654 1175 possint
696 1091 890 1154 multi
926 1112 1061 1155 esse
1105 1091 1531 1176 provinciales
1567 1091 1693 1155 viri
1728 1091 1902 1174 boni,
1950 1091 2061 1155 sed
2094 1092 2220 1155 hoc

189 1201 450 1263 sperare
507 1179 686 1264 licet,
744 1179 1024 1243 iudicare
1077 1179 1509 1264 periculosum
1564 1184 1675 1243 est.
1765 1178 1991 1243 Multis
2046 1180 2217 1243 enim

188 1267 679 1332 simulationum
723 1267 1073 1331 involucris
1127 1268 1373 1353 tegitur
1416 1272 1481 1331 et
1527 1267 1708 1350 quasi
1754 1268 1913 1332 velis
1960 1268 2218 1351 quibus-

189 1355 340 1419 dam
402 1355 775 1420 obtenditur
833 1356 1022 1419 unius
1082 1355 1389 1439 cuiusque
1446 1359 1702 1441 natura3
1761 1356 1969 1439 frons,
2030 1356 2217 1441 oculi,

189 1444 412 1507 vultus
474 1464 776 1527 persaepe
839 1444 1270 1528 mentiuntur,
1345 1444 1551 1508 oratio
1615 1465 1769 1507 vero
1832 1444 2217 1528 saepissime.

105 1552 166 1591 15
195 1530 403 1607 Quam
450 1533 533 1595 ob
588 1553 725 1595 rem
770 1532 884 1614 qui
926 1535 1111 1615 potes
1156 1532 1436 1615 reperire
1482 1554 1560 1596 ex
1597 1534 1682 1595 ’60
1737 1554 1969 1617 genere
2012 1532 2218 1596 homi-

191 1642 366 1703 num,
414 1620 525 1702 qui
569 1619 874 1703 pecuniae
911 1619 1259 1703 cupiditate
1304 1619 1563 1683 adducti
1600 1624 1855 1683 careant
1899 1620 1981 1683 iis
2025 1621 2217 1685 rebus

195 1708 520 1792 omnibuS,
577 1730 614 1770 a
659 1707 893 1791 quibus
936 1728 1056 1771 nos
1103 1707 1337 1771 divulsi
1384 1728 1519 1771 esse
1562 1728 1695 1771 non
1738 1730 2105 1793 possumus,
2150 1713 2235 1773 te«

192 1800 428 1881 autem,
474 1796 754 1859 alienum
795 1795 1141 1879 hominem,
1189 1799 1405 1859 ament
1449 1816 1528 1858 ex
1573 1796 1787 1859 animo
1826 1816 1901 1858 ac
1938 1816 2069 1859 non
2115 1797 2216 1860 sui

194 1884 516 1949 commodi
571 1905 760 1947 causa
812 1884 1116 1947 simulent
1129 1884 1163 1947 ⁶?
1251 1881 1419 1946 Mihi
1478 1882 1737 1965 quidem
1794 1905 2216 1969 permagnum

103 1994 164 2033 20
191 1972 466 2055 videtur,
510 1971 886 2055 praesertim
923 1972 978 2034 si
1013 1970 1184 2035 idem
1220 1971 1513 2035 homines
1557 1970 1882 2054 privatum
1916 1992 2048 2034 non
2083 1971 2215 2035 fere

192 2082 605 2161 quemquam,
664 2063 990 2143 praetores
1045 2080 1299 2142 semper
1351 2080 1569 2123 omnes
1625 2062 1857 2122 amant.
1948 2058 2089 2135 Quo
2136 2081 2215 2123 ex

189 2168 426 2250 genere
480 2148 535 2211 si
591 2169 782 2231 quem
840 2147 1008 2211 forte
1067 2148 1166 2211 tui
1225 2146 1519 2233 cognosti
1579 2146 2000 2211 amantiorem
2044 2144 2216 2233 (fieri

189 2235 366 2300 enim
410 2234 653 2321 potuit)
701 2257 893 2318 quam
937 2235 1276 2319 temporiS,
1332 2235 1504 2299 hunc
1548 2256 1700 2299 vero
1748 2235 1827 2299 ad
1871 2239 2056 2299 tuum
2101 2257 2215 2299 nu-

189 2346 443 2389 merum
505 2324 783 2387 libenter
837 2324 1173 2409 ascribito3
1232 2324 1335 2387 sin
1393 2326 1607 2387 autem
1661 2323 1729 2387 id
1785 2345 1917 2387 non
1974 2325 2217 2407 perspi-

106 2433 162 2472 25
192 2414 355 2497 cies,
400 2412 651 2475 nullum
696 2433 899 2498 genus
935 2412 1060 2475 erit
1102 2412 1171 2475 111
1217 2411 1653 2479 familiaritate
1692 2412 2041 2477 cavendum
2086 2435 2216 2475 ma-

189 2502 312 2588 gis,
357 2505 698 2584 propterea
743 2499 917 2583 quod
960 2504 1026 2563 et
1073 2521 1293 2564 omnes
1337 2499 1474 2564 vias
1517 2500 1821 2583 pecuniae
1867 2504 2107 2563 norunt
2153 2504 2216 2563 et

2264 790 2309 855 5

2258 881 2321 929 15

192 2589 414 2653 omnia
464 2589 769 2689 pecuniae
823 2609 1012 2651 causa
1064 2588 1309 2651 faciunt
1353 2591 1445 2672 et,
1501 2588 1760 2671 quicum
1805 2588 2040 2652 victuri
2084 2609 2217 2651 non
2310 2624 2314 2629 ·

191 2681 371 2761 sunt,
431 2678 566 2740 eius
612 2675 1072 2740 existimationi
1117 2675 1446 2740 consulere
1490 2697 1621 2740 non
1667 2680 1907 2739 curant.
1997 2674 2214 2758 Atque

191 2766 390 2830 etiam
427 2786 462 2828 e
502 2763 814 2828 Graecis
795 2764 952 2847 ipsis
989 2764 1333 2850 diligenter
1369 2764 1682 2827 cavendae
1718 2767 1869 2827 sunt
1905 2763 2216 2846 quaedam

105 2875 162 2913 so
192 2854 666 2918 familiaritates
691 2856 944 2936 praeter
968 2852 1306 2916 hominum
1332 2872 1817 2935 perpaucorum,
1843 2850 1899 2914 si
1928 2850 2041 2933 qui
2066 2855 2219 2915 sunt

190 2945 408 3007 vetere
448 2939 712 3005 Graecia
749 2939 956 3025 digni3
1001 2940 1092 3003 sic
1126 2962 1278 3005 vero
1316 2940 1571 3003 fallaces
1618 2943 1767 3003 sunt
1810 2938 2118 3022 permulti
2154 2942 2220 3002 et

190 3030 366 3094 leves
423 3033 489 3093 et
547 3029 850 3092 diuturna
907 3028 1214 3091 servitute
1271 3027 1353 3091 ad
1400 3027 1668 3091 nimiam
1712 3026 2218 3090 adsentationem

191 3117 446 3189 eruditi.
477 3157 480 3160 -
521 3116 696 3193 Quos
741 3137 862 3202 ego
909 3114 1240 3181 universos
1288 3114 1579 3178 adhiberi
1613 3114 1998 3199 liberaliter,
2057 3115 2219 3198 opti-

191 3228 372 3270 mum
402 3226 718 3288 quemque
753 3204 1040 3287 hospitio
1077 3202 1487 3285 amicitiaque
1524 3202 1829 3287 coniungi
1864 3202 2005 3266 dico
2035 3224 2220 3287 opor-

105 3313 162 3354 35
192 3299 357 3378 tere3
429 3292 672 3356 nimiae
730 3291 1199 3356 familiaritates
1262 3312 1485 3355 eorum
1546 3312 1753 3374 neque
1810 3293 1944 3355 tam
1998 3291 2219 3355 fideles

195 3384 344 3445 sunt
390 3378 550 3467 (non
587 3380 758 3445 enim
805 3379 1042 3443 auden-t
1076 3378 1399 3444 adversari
1442 3378 1683 3443 nostris
1720 3378 2220 3480 voluntatibus),

194 3474 259 3533 et
303 3468 594 3533 invident
637 3490 768 3532 non
813 3466 1052 3533 nostris
1097 3467 1333 3551 solum,
1378 3487 1603 3531 verum
1649 3466 1843 3531 etiam
1890 3468 2041 3532 suis

2263 2692 2323 2741 16
