<?xml version="1.0" encoding="UTF-8"?>
<!DOCTYPE html PUBLIC "-//W3C//DTD XHTML 1.0 Transitional//EN"
    "http://www.w3.org/TR/xhtml1/DTD/xhtml1-transitional.dtd">
<html xmlns="http://www.w3.org/1999/xhtml" xml:lang="en" lang="en">
 <head>
  <title>
</title>
<meta http-equiv="Content-Type" content="text/html;charset=utf-8" />
  <meta name='ocr-system' content='tesseract 3.04.00' />
  <meta name='ocr-capabilities' content='ocr_page ocr_carea ocr_par ocr_line ocrx_word'/>
</head>
<body>
  <div class='ocr_page' id='page_1' title='image "./scriptaquaemans02mlgoog_0378.png"; bbox 0 0 2567 3884; ppageno 0'>
   <div class='ocr_carea' id='block_1_1' title="bbox 347 161 1607 226">
    <p class='ocr_par' dir='ltr' id='par_1_1' title="bbox 347 161 1607 226">
     <span class='ocr_line' id='line_1_1' title="bbox 347 161 1607 226; baseline -0.012 0"><span class='ocrx_word' id='word_1_1' title='bbox 347 162 478 226; x_wconf 78' lang='grc'><strong>286</strong></span> <span class='ocrx_word' id='word_1_2' title='bbox 1091 161 1607 215; x_wconf 87' lang='lat' dir='ltr'><strong>EPISTULARUM</strong></span> 
     </span>
    </p>
   </div>
   <div class='ocr_carea' id='block_1_2' title="bbox 276 301 2459 3556">
    <p class='ocr_par' dir='ltr' id='par_1_2' title="bbox 276 301 2459 1443">
     <span class='ocr_line' id='line_1_2' title="bbox 276 301 2383 389; baseline -0.003 -18"><span class='ocrx_word' id='word_1_3' title='bbox 276 324 308 371; x_wconf 89' lang='lat'><strong>3</strong></span> <span class='ocrx_word' id='word_1_4' title='bbox 345 308 669 389; x_wconf 88' lang='lat' dir='ltr'><strong>praestare</strong></span> <span class='ocrx_word' id='word_1_5' title='bbox 723 325 1004 388; x_wconf 88' lang='lat' dir='ltr'><strong>possem,</strong></span> <span class='ocrx_word' id='word_1_6' title='bbox 1061 303 1282 387; x_wconf 90' lang='lat' dir='ltr'><strong>quales</strong></span> <span class='ocrx_word' id='word_1_7' title='bbox 1337 303 1547 366; x_wconf 86' lang='lat' dir='ltr'><strong>adhuc</strong></span> <span class='ocrx_word' id='word_1_8' title='bbox 1600 303 1877 366; x_wconf 87' lang='lat' dir='ltr'><strong>fuerunt.</strong></span> <span class='ocrx_word' id='word_1_9' title='bbox 1976 301 2117 366; x_wconf 85' lang='lat' dir='ltr'><strong>Nos</strong></span> <span class='ocrx_word' id='word_1_10' title='bbox 2170 301 2383 365; x_wconf 85' lang='lat' dir='ltr'><strong>adhuc</strong></span> 
     </span>
     <span class='ocr_line' id='line_1_3' title="bbox 346 389 2381 478; baseline -0.002 -22"><span class='ocrx_word' id='word_1_11' title='bbox 346 393 454 457; x_wconf 87' lang='lat' dir='ltr'><strong>hic</strong></span> <span class='ocrx_word' id='word_1_12' title='bbox 509 393 724 456; x_wconf 90' lang='lat' dir='ltr'><strong>omnia</strong></span> <span class='ocrx_word' id='word_1_13' title='bbox 778 393 1032 478; x_wconf 86' lang='lat' dir='ltr'><strong>integra</strong></span> <span class='ocrx_word' id='word_1_14' title='bbox 1086 392 1524 456; x_wconf 79' lang='lat' dir='ltr'><strong>sustinuimus,</strong></span> <span class='ocrx_word' id='word_1_15' title='bbox 1626 389 1815 466; x_wconf 83' lang='lat' dir='ltr'><strong>Quod</strong></span> <span class='ocrx_word' id='word_1_16' title='bbox 1873 390 2213 454; x_wconf 91' lang='lat' dir='ltr'><strong>consilium</strong></span> <span class='ocrx_word' id='word_1_17' title='bbox 2268 411 2381 453; x_wconf 93' lang='lat' dir='ltr'><strong>no-</strong></span> 
     </span>
     <span class='ocr_line' id='line_1_4' title="bbox 349 478 2381 565; baseline -0.002 -20"><span class='ocrx_word' id='word_1_18' title='bbox 349 484 573 565; x_wconf 85' lang='lat' dir='ltr'><strong>strum,</strong></span> <span class='ocrx_word' id='word_1_19' title='bbox 611 481 749 565; x_wconf 87' lang='lat' dir='ltr'><strong>etsi,</strong></span> <span class='ocrx_word' id='word_1_20' title='bbox 787 484 1026 564; x_wconf 89' lang='lat' dir='ltr'><strong>quanta</strong></span> <span class='ocrx_word' id='word_1_21' title='bbox 1054 481 1140 543; x_wconf 89' lang='lat' dir='ltr'><strong>sit</strong></span> <span class='ocrx_word' id='word_1_22' title='bbox 1168 480 1441 543; x_wconf 84' lang='lat' dir='ltr'><strong>aviditas</strong></span> <span class='ocrx_word' id='word_1_23' title='bbox 1477 479 1816 542; x_wconf 90' lang='lat' dir='ltr'><strong>hominum</strong></span> <span class='ocrx_word' id='word_1_24' title='bbox 1852 500 1985 542; x_wconf 92' lang='lat' dir='ltr'><strong>non</strong></span> <span class='ocrx_word' id='word_1_25' title='bbox 2021 478 2159 541; x_wconf 92' lang='lat' dir='ltr'><strong>sine</strong></span> <span class='ocrx_word' id='word_1_26' title='bbox 2188 499 2381 541; x_wconf 90' lang='grc'><strong>631183</strong></span> 
     </span>
     <span class='ocr_line' id='line_1_5' title="bbox 345 565 2379 654; baseline -0.002 -21"><span class='ocrx_word' id='word_1_27' title='bbox 345 571 392 654; x_wconf 88' lang='lat'><em>†</em></span> <span class='ocrx_word' id='word_1_28' title='bbox 419 569 569 633; x_wconf 90' lang='lat' dir='ltr'><strong>talis</strong></span> <span class='ocrx_word' id='word_1_29' title='bbox 613 569 937 653; x_wconf 84' lang='lat' dir='ltr'><strong>victoriae,</strong></span> <span class='ocrx_word' id='word_1_30' title='bbox 985 568 1135 651; x_wconf 85' lang='lat' dir='ltr'><strong>scio,</strong></span> <span class='ocrx_word' id='word_1_31' title='bbox 1181 572 1398 631; x_wconf 89' lang='lat' dir='ltr'><strong>tamen</strong></span> <span class='ocrx_word' id='word_1_32' title='bbox 1435 567 1620 630; x_wconf 84' lang='lat' dir='ltr'><strong>vobis</strong></span> <span class='ocrx_word' id='word_1_33' title='bbox 1655 566 1919 650; x_wconf 88' lang='lat' dir='ltr'><strong>probari</strong></span> <span class='ocrx_word' id='word_1_34' title='bbox 1956 587 2159 650; x_wconf 90' lang='lat' dir='ltr'><strong>spero.</strong></span> <span class='ocrx_word' id='word_1_35' title='bbox 2224 565 2379 630; x_wconf 85' lang='lat' dir='ltr'><strong>Non</strong></span> 
     </span>
     <span class='ocr_line' id='line_1_6' title="bbox 347 655 2459 742; baseline -0.003 -21"><span class='ocrx_word' id='word_1_36' title='bbox 347 657 544 742; x_wconf 87' lang='lat' dir='ltr'><strong>enim,</strong></span> <span class='ocrx_word' id='word_1_37' title='bbox 600 657 655 721; x_wconf 88' lang='lat' dir='ltr'><strong>si</strong></span> <span class='ocrx_word' id='word_1_38' title='bbox 701 657 858 740; x_wconf 89' lang='lat' dir='ltr'><strong>quid</strong></span> <span class='ocrx_word' id='word_1_39' title='bbox 903 657 972 720; x_wconf 92' lang='lat' dir='ltr'><strong>in</strong></span> <span class='ocrx_word' id='word_1_40' title='bbox 1015 656 1118 720; x_wconf 90' lang='lat' dir='ltr'><strong>his</strong></span> <span class='ocrx_word' id='word_1_41' title='bbox 1173 655 1560 720; x_wconf 75' lang='lat' dir='ltr'><strong>exercitibus</strong></span> <span class='ocrx_word' id='word_1_42' title='bbox 1616 656 1700 718; x_wconf 93' lang='lat' dir='ltr'><strong>sit</strong></span> <span class='ocrx_word' id='word_1_43' title='bbox 1748 655 2087 738; x_wconf 86' lang='lat' dir='ltr'><strong>offensum,</strong></span> <span class='ocrx_word' id='word_1_44' title='bbox 2142 676 2380 740; x_wconf 83' lang='lat' dir='ltr'><strong>magna</strong></span> <span class='ocrx_word' id='word_1_45' title='bbox 2432 672 2459 712; x_wconf 86' lang='lat'><strong>5</strong></span> 
     </span>
     <span class='ocr_line' id='line_1_7' title="bbox 345 740 2378 828; baseline -0.002 -19"><span class='ocrx_word' id='word_1_46' title='bbox 345 745 631 809; x_wconf 90' lang='lat' dir='ltr'><strong>subsidia</strong></span> <span class='ocrx_word' id='word_1_47' title='bbox 684 767 786 808; x_wconf 91' lang='lat' dir='ltr'><strong>res</strong></span> <span class='ocrx_word' id='word_1_48' title='bbox 838 768 899 828; x_wconf 90' lang='lat' dir='ltr'><strong>p.</strong></span> <span class='ocrx_word' id='word_1_49' title='bbox 944 744 1141 808; x_wconf 90' lang='lat' dir='ltr'><strong>habet</strong></span> <span class='ocrx_word' id='word_1_50' title='bbox 1195 743 1517 827; x_wconf 85' lang='lat' dir='ltr'><strong>expedita,</strong></span> <span class='ocrx_word' id='word_1_51' title='bbox 1573 743 1808 825; x_wconf 90' lang='lat' dir='ltr'><strong>quibus</strong></span> <span class='ocrx_word' id='word_1_52' title='bbox 1867 740 2083 806; x_wconf 88' lang='lat' dir='ltr'><strong>subito</strong></span> <span class='ocrx_word' id='word_1_53' title='bbox 2129 742 2378 825; x_wconf 93' lang='lat' dir='ltr'><strong>impetu</strong></span> 
     </span>
     <span class='ocr_line' id='line_1_8' title="bbox 345 829 2379 916; baseline -0.002 -20"><span class='ocrx_word' id='word_1_54' title='bbox 345 855 419 897; x_wconf 89' lang='lat' dir='ltr'><strong>ac</strong></span> <span class='ocrx_word' id='word_1_55' title='bbox 452 833 793 897; x_wconf 88' lang='lat' dir='ltr'><strong>latrocinio</strong></span> <span class='ocrx_word' id='word_1_56' title='bbox 829 832 1295 916; x_wconf 87' lang='lat' dir='ltr'><strong>parricidarum</strong></span> <span class='ocrx_word' id='word_1_57' title='bbox 1333 831 1602 895; x_wconf 85' lang='lat' dir='ltr'><strong>resistat.</strong></span> <span class='ocrx_word' id='word_1_58' title='bbox 1672 829 1905 914; x_wconf 91' lang='lat' dir='ltr'><strong>Copias</strong></span> <span class='ocrx_word' id='word_1_59' title='bbox 1931 851 2085 894; x_wconf 86' lang='lat' dir='ltr'><strong>vero</strong></span> <span class='ocrx_word' id='word_1_60' title='bbox 2122 833 2379 894; x_wconf 90' lang='lat' dir='ltr'><strong>nostras</strong></span> 
     </span>
     <span class='ocr_line' id='line_1_9' title="bbox 344 918 2378 1004; baseline -0.002 -19"><span class='ocrx_word' id='word_1_61' title='bbox 344 925 530 985; x_wconf 91' lang='lat' dir='ltr'><strong>notas</strong></span> <span class='ocrx_word' id='word_1_62' title='bbox 575 921 699 984; x_wconf 90' lang='lat' dir='ltr'><strong>tibi</strong></span> <span class='ocrx_word' id='word_1_63' title='bbox 745 942 880 984; x_wconf 84' lang='lat' dir='ltr'><strong>esse</strong></span> <span class='ocrx_word' id='word_1_64' title='bbox 925 920 1222 984; x_wconf 80' lang='lat' dir='ltr'><strong>arbitror.</strong></span> <span class='ocrx_word' id='word_1_65' title='bbox 1312 918 1390 983; x_wconf 94' lang='lat' dir='ltr'><strong>In</strong></span> <span class='ocrx_word' id='word_1_66' title='bbox 1427 918 1652 982; x_wconf 90' lang='lat' dir='ltr'><strong>castris</strong></span> <span class='ocrx_word' id='word_1_67' title='bbox 1686 919 1849 983; x_wconf 87' lang='lat' dir='ltr'><strong>meis</strong></span> <span class='ocrx_word' id='word_1_68' title='bbox 1891 919 2180 1004; x_wconf 82' lang='lat' dir='ltr'>legiones</span> <span class='ocrx_word' id='word_1_69' title='bbox 2226 922 2378 982; x_wconf 87' lang='lat' dir='ltr'><strong>sunt</strong></span> 
     </span>
     <span class='ocr_line' id='line_1_10' title="bbox 346 1006 2376 1092; baseline -0.002 -19"><span class='ocrx_word' id='word_1_70' title='bbox 346 1013 682 1074; x_wconf 85' lang='lat' dir='ltr'><strong>veteranae</strong></span> <span class='ocrx_word' id='word_1_71' title='bbox 728 1012 877 1092; x_wconf 89' lang='grc'><strong>1168,</strong></span> <span class='ocrx_word' id='word_1_72' title='bbox 923 1008 1210 1072; x_wconf 90' lang='lat' dir='ltr'><strong>tironum</strong></span> <span class='ocrx_word' id='word_1_73' title='bbox 1245 1007 1350 1072; x_wconf 82' lang='lat' dir='ltr'><strong>vel</strong></span> <span class='ocrx_word' id='word_1_74' title='bbox 1394 1007 1902 1071; x_wconf 87' lang='lat' dir='ltr'><strong>luculentissima</strong></span> <span class='ocrx_word' id='word_1_75' title='bbox 1947 1028 2027 1070; x_wconf 83' lang='lat' dir='ltr'><strong>ex</strong></span> <span class='ocrx_word' id='word_1_76' title='bbox 2074 1006 2376 1070; x_wconf 90' lang='lat' dir='ltr'><strong>omnibus</strong></span> 
     </span>
     <span class='ocr_line' id='line_1_11' title="bbox 346 1093 2457 1181; baseline -0.003 -21"><span class='ocrx_word' id='word_1_77' title='bbox 346 1119 500 1180; x_wconf 89' lang='grc'><strong>11113,</strong></span> <span class='ocrx_word' id='word_1_78' title='bbox 546 1097 615 1161; x_wconf 88' lang='grc'><strong>111</strong></span> <span class='ocrx_word' id='word_1_79' title='bbox 662 1096 887 1159; x_wconf 84' lang='grc'><strong>6381118</strong></span> <span class='ocrx_word' id='word_1_80' title='bbox 930 1095 1120 1159; x_wconf 87' lang='grc' dir='ltr'><strong>Β11111</strong></span> <span class='ocrx_word' id='word_1_81' title='bbox 1166 1117 1295 1158; x_wconf 89' lang='grc'><strong>11113</strong></span> <span class='ocrx_word' id='word_1_82' title='bbox 1340 1099 1640 1159; x_wconf 84' lang='lat' dir='ltr'><strong>veterana</strong></span> <span class='ocrx_word' id='word_1_83' title='bbox 1684 1095 1856 1181; x_wconf 84' lang='lat' dir='ltr'><strong>legio</strong></span> <span class='ocrx_word' id='word_1_84' title='bbox 1869 1146 1887 1179; x_wconf 88' lang='lat'><em>‚</em></span> <span class='ocrx_word' id='word_1_85' title='bbox 1936 1093 2137 1158; x_wconf 89' lang='lat' dir='ltr'><strong>altera</strong></span> <span class='ocrx_word' id='word_1_86' title='bbox 2182 1094 2376 1177; x_wconf 81' lang='lat' dir='ltr'><strong>bima,</strong></span> <span class='ocrx_word' id='word_1_87' title='bbox 2404 1113 2457 1151; x_wconf 86' lang='lat'><strong>10</strong></span> 
     </span>
     <span class='ocr_line' id='line_1_12' title="bbox 347 1182 2378 1266; baseline -0.002 -18"><span class='ocrx_word' id='word_1_88' title='bbox 347 1188 493 1248; x_wconf 94' lang='lat' dir='ltr'><strong>octo</strong></span> <span class='ocrx_word' id='word_1_89' title='bbox 539 1185 842 1248; x_wconf 89' lang='lat' dir='ltr'><strong>tironum.</strong></span> <span class='ocrx_word' id='word_1_90' title='bbox 932 1182 1034 1247; x_wconf 89' lang='lat' dir='ltr'><strong>Ita</strong></span> <span class='ocrx_word' id='word_1_91' title='bbox 1079 1183 1416 1247; x_wconf 85' lang='lat' dir='ltr'><strong>universus</strong></span> <span class='ocrx_word' id='word_1_92' title='bbox 1452 1183 1768 1247; x_wconf 84' lang='lat' dir='ltr'><strong>exercitus</strong></span> <span class='ocrx_word' id='word_1_93' title='bbox 1804 1204 2073 1246; x_wconf 90' lang='lat' dir='ltr'><strong>numero</strong></span> <span class='ocrx_word' id='word_1_94' title='bbox 2120 1182 2378 1266; x_wconf 85' lang='lat' dir='ltr'><strong>amplis-</strong></span> 
     </span>
     <span class='ocr_line' id='line_1_13' title="bbox 348 1270 2378 1357; baseline -0.001 -21"><span class='ocrx_word' id='word_1_95' title='bbox 348 1273 547 1336; x_wconf 91' lang='lat' dir='ltr'><strong>simus</strong></span> <span class='ocrx_word' id='word_1_96' title='bbox 593 1275 706 1356; x_wconf 87' lang='lat' dir='ltr'><strong>est,</strong></span> <span class='ocrx_word' id='word_1_97' title='bbox 751 1271 1058 1334; x_wconf 87' lang='lat' dir='ltr'><strong>firmitate</strong></span> <span class='ocrx_word' id='word_1_98' title='bbox 1104 1272 1391 1357; x_wconf 83' lang='lat' dir='ltr'><strong>exiguus.</strong></span> <span class='ocrx_word' id='word_1_99' title='bbox 1483 1270 1809 1347; x_wconf 83' lang='lat' dir='ltr'><strong>Quantum</strong></span> <span class='ocrx_word' id='word_1_100' title='bbox 1868 1273 2083 1335; x_wconf 87' lang='lat' dir='ltr'><strong>autem</strong></span> <span class='ocrx_word' id='word_1_101' title='bbox 2128 1270 2198 1333; x_wconf 91' lang='lat' dir='ltr'><strong>in</strong></span> <span class='ocrx_word' id='word_1_102' title='bbox 2244 1271 2378 1334; x_wconf 89' lang='lat' dir='ltr'><strong>acie</strong></span> 
     </span>
     <span class='ocr_line' id='line_1_14' title="bbox 347 1356 2378 1443; baseline -0.001 -20"><span class='ocrx_word' id='word_1_103' title='bbox 347 1361 548 1424; x_wconf 90' lang='lat' dir='ltr'><strong>tironi</strong></span> <span class='ocrx_word' id='word_1_104' title='bbox 586 1360 670 1424; x_wconf 89' lang='lat' dir='ltr'><strong>sit</strong></span> <span class='ocrx_word' id='word_1_105' title='bbox 699 1359 1248 1443; x_wconf 88' lang='lat' dir='ltr'><strong>committendum,</strong></span> <span class='ocrx_word' id='word_1_106' title='bbox 1285 1359 1560 1423; x_wconf 91' lang='lat' dir='ltr'><strong>nimium</strong></span> <span class='ocrx_word' id='word_1_107' title='bbox 1598 1380 1783 1442; x_wconf 90' lang='lat' dir='ltr'><strong>saepe</strong></span> <span class='ocrx_word' id='word_1_108' title='bbox 1811 1362 2150 1442; x_wconf 82' lang='lat' dir='ltr'><strong>expertum</strong></span> <span class='ocrx_word' id='word_1_109' title='bbox 2185 1356 2378 1421; x_wconf 83' lang='lat' dir='ltr'><strong>habe-</strong></span> 
     </span>
    </p>

    <p class='ocr_par' dir='ltr' id='par_1_3' title="bbox 277 1445 2452 2233">
     <span class='ocr_line' id='line_1_15' title="bbox 277 1445 2378 1514; baseline -0.001 -2"><span class='ocrx_word' id='word_1_110' title='bbox 277 1467 312 1514; x_wconf 90' lang='lat'>4</span> <span class='ocrx_word' id='word_1_111' title='bbox 347 1470 506 1511; x_wconf 81' lang='lat' dir='ltr'><strong>mus,</strong></span> <span class='ocrx_word' id='word_1_112' title='bbox 598 1447 704 1511; x_wconf 92' lang='lat' dir='ltr'><strong>Ad</strong></span> <span class='ocrx_word' id='word_1_113' title='bbox 745 1448 871 1511; x_wconf 90' lang='lat' dir='ltr'><strong>hoc</strong></span> <span class='ocrx_word' id='word_1_114' title='bbox 914 1447 1113 1511; x_wconf 90' lang='lat' dir='ltr'><strong>robur</strong></span> <span class='ocrx_word' id='word_1_115' title='bbox 1155 1450 1527 1511; x_wconf 90' lang='lat' dir='ltr'><strong>nostrorum</strong></span> <span class='ocrx_word' id='word_1_116' title='bbox 1584 1447 1980 1511; x_wconf 79' lang='lat' dir='ltr'><strong>exercituum</strong></span> <span class='ocrx_word' id='word_1_117' title='bbox 2026 1446 2159 1510; x_wconf 85' lang='lat' dir='ltr'><strong>sive</strong></span> <span class='ocrx_word' id='word_1_118' title='bbox 2206 1445 2378 1509; x_wconf 83' lang='lat' dir='ltr'><strong>Afri-</strong></span> 
     </span>
     <span class='ocr_line' id='line_1_16' title="bbox 350 1529 2452 1619; baseline -0 -21"><span class='ocrx_word' id='word_1_119' title='bbox 350 1557 544 1599; x_wconf 91' lang='lat' dir='ltr'><strong>canus</strong></span> <span class='ocrx_word' id='word_1_120' title='bbox 589 1535 922 1619; x_wconf 86' lang='lat' dir='ltr'><strong>exercitus,</strong></span> <span class='ocrx_word' id='word_1_121' title='bbox 968 1536 1080 1619; x_wconf 90' lang='lat' dir='ltr'><strong>qui</strong></span> <span class='ocrx_word' id='word_1_122' title='bbox 1125 1539 1222 1599; x_wconf 92' lang='lat' dir='ltr'><strong>est</strong></span> <span class='ocrx_word' id='word_1_123' title='bbox 1258 1539 1612 1619; x_wconf 78' lang='lat' dir='ltr'><strong>veteranuS‚</strong></span> <span class='ocrx_word' id='word_1_124' title='bbox 1659 1535 1791 1598; x_wconf 86' lang='lat' dir='ltr'><strong>sive</strong></span> <span class='ocrx_word' id='word_1_125' title='bbox 1840 1529 2128 1598; x_wconf 85' lang='lat' dir='ltr'><strong>Caesaris</strong></span> <span class='ocrx_word' id='word_1_126' title='bbox 2172 1555 2375 1598; x_wconf 87' lang='lat' dir='ltr'><strong>acces·</strong></span> <span class='ocrx_word' id='word_1_127' title='bbox 2402 1551 2452 1592; x_wconf 83' lang='lat'><strong>15</strong></span> 
     </span>
     <span class='ocr_line' id='line_1_17' title="bbox 349 1622 2377 1707; baseline -0 -21"><span class='ocrx_word' id='word_1_128' title='bbox 349 1625 560 1707; x_wconf 85' lang='lat' dir='ltr'><strong>sisset,</strong></span> <span class='ocrx_word' id='word_1_129' title='bbox 634 1645 836 1706; x_wconf 90' lang='lat' dir='ltr'><strong>aequo</strong></span> <span class='ocrx_word' id='word_1_130' title='bbox 911 1624 1125 1687; x_wconf 90' lang='lat' dir='ltr'><strong>animo</strong></span> <span class='ocrx_word' id='word_1_131' title='bbox 1197 1646 1515 1688; x_wconf 87' lang='lat' dir='ltr'><strong>summam</strong></span> <span class='ocrx_word' id='word_1_132' title='bbox 1576 1645 1716 1686; x_wconf 87' lang='lat' dir='ltr'><strong>rem</strong></span> <span class='ocrx_word' id='word_1_133' title='bbox 1775 1646 1835 1707; x_wconf 88' lang='lat' dir='ltr'><strong>p.</strong></span> <span class='ocrx_word' id='word_1_134' title='bbox 1902 1623 1971 1685; x_wconf 89' lang='lat' dir='ltr'><strong>in</strong></span> <span class='ocrx_word' id='word_1_135' title='bbox 2036 1622 2377 1686; x_wconf 80' lang='lat' dir='ltr'><strong>discrimen</strong></span> 
     </span>
     <span class='ocr_line' id='line_1_18' title="bbox 353 1709 2379 1797; baseline -0 -23"><span class='ocrx_word' id='word_1_136' title='bbox 353 1711 833 1797; x_wconf 86' lang='lat' dir='ltr'><strong>deduceremus3</strong></span> <span class='ocrx_word' id='word_1_137' title='bbox 889 1712 1218 1795; x_wconf 83' lang='lat' dir='ltr'><strong>aliquanto</strong></span> <span class='ocrx_word' id='word_1_138' title='bbox 1275 1715 1490 1775; x_wconf 89' lang='lat' dir='ltr'><strong>autem</strong></span> <span class='ocrx_word' id='word_1_139' title='bbox 1542 1711 1809 1794; x_wconf 93' lang='lat' dir='ltr'><strong>propius</strong></span> <span class='ocrx_word' id='word_1_140' title='bbox 1856 1732 2017 1794; x_wconf 85' lang='grc'><strong>6886,</strong></span> <span class='ocrx_word' id='word_1_141' title='bbox 2079 1710 2255 1793; x_wconf 90' lang='lat' dir='ltr'><strong>quod</strong></span> <span class='ocrx_word' id='word_1_142' title='bbox 2298 1709 2379 1772; x_wconf 87' lang='lat' dir='ltr'><strong>ad</strong></span> 
     </span>
     <span class='ocr_line' id='line_1_19' title="bbox 353 1797 2378 1884; baseline -0.001 -22"><span class='ocrx_word' id='word_1_143' title='bbox 353 1797 686 1863; x_wconf 89' lang='lat' dir='ltr'><strong>Caesarem</strong></span> <span class='ocrx_word' id='word_1_144' title='bbox 732 1799 996 1884; x_wconf 88' lang='lat' dir='ltr'><strong>attinet,</strong></span> <span class='ocrx_word' id='word_1_145' title='bbox 1041 1800 1432 1863; x_wconf 70' lang='lat' dir='ltr'><strong>videbamus</strong></span> <span class='ocrx_word' id='word_1_146' title='bbox 1521 1797 1709 1864; x_wconf 86' lang='lat' dir='ltr'><strong>Nihil</strong></span> <span class='ocrx_word' id='word_1_147' title='bbox 1755 1797 1972 1862; x_wconf 89' lang='lat' dir='ltr'><strong>destiti</strong></span> <span class='ocrx_word' id='word_1_148' title='bbox 2018 1820 2165 1861; x_wconf 93' lang='lat' dir='ltr'><strong>eum</strong></span> <span class='ocrx_word' id='word_1_149' title='bbox 2209 1798 2378 1861; x_wconf 90' lang='lat' dir='ltr'><strong>litte-</strong></span> 
     </span>
     <span class='ocr_line' id='line_1_20' title="bbox 352 1886 2379 1972; baseline -0.001 -21"><span class='ocrx_word' id='word_1_150' title='bbox 352 1888 441 1952; x_wconf 91' lang='lat' dir='ltr'><strong>ris</strong></span> <span class='ocrx_word' id='word_1_151' title='bbox 485 1887 753 1972; x_wconf 87' lang='lat' dir='ltr'><strong>hortari,</strong></span> <span class='ocrx_word' id='word_1_152' title='bbox 798 1910 1004 1971; x_wconf 90' lang='lat' dir='ltr'><strong>neque</strong></span> <span class='ocrx_word' id='word_1_153' title='bbox 1040 1888 1150 1952; x_wconf 91' lang='grc'><strong>1116</strong></span> <span class='ocrx_word' id='word_1_154' title='bbox 1186 1887 1535 1952; x_wconf 75' lang='lat' dir='ltr'><strong>intermisit</strong></span> <span class='ocrx_word' id='word_1_155' title='bbox 1563 1886 1900 1950; x_wconf 88' lang='lat' dir='ltr'><strong>adfirmare</strong></span> <span class='ocrx_word' id='word_1_156' title='bbox 1927 1908 1994 1950; x_wconf 91' lang='grc'><strong>86</strong></span> <span class='ocrx_word' id='word_1_157' title='bbox 2023 1886 2161 1949; x_wconf 88' lang='grc'><strong>81116</strong></span> <span class='ocrx_word' id='word_1_158' title='bbox 2195 1907 2379 1949; x_wconf 90' lang='grc'><strong>111013</strong></span> 
     </span>
     <span class='ocr_line' id='line_1_21' title="bbox 348 1974 2452 2060; baseline -0.003 -20"><span class='ocrx_word' id='word_1_159' title='bbox 348 1975 584 2060; x_wconf 86' lang='lat' dir='ltr'><strong>venire,</strong></span> <span class='ocrx_word' id='word_1_160' title='bbox 632 1997 777 2039; x_wconf 92' lang='lat' dir='ltr'><strong>cum</strong></span> <span class='ocrx_word' id='word_1_161' title='bbox 822 1975 1083 2039; x_wconf 85' lang='lat' dir='ltr'><strong>interim</strong></span> <span class='ocrx_word' id='word_1_162' title='bbox 1129 1998 1423 2041; x_wconf 85' lang='lat' dir='ltr'><strong>aversum</strong></span> <span class='ocrx_word' id='word_1_163' title='bbox 1469 1975 1654 2038; x_wconf 90' lang='lat' dir='ltr'><strong>illum</strong></span> <span class='ocrx_word' id='word_1_164' title='bbox 1702 1975 1782 2038; x_wconf 89' lang='lat' dir='ltr'><strong>ab</strong></span> <span class='ocrx_word' id='word_1_165' title='bbox 1827 1975 1949 2038; x_wconf 87' lang='lat' dir='ltr'><strong>hac</strong></span> <span class='ocrx_word' id='word_1_166' title='bbox 1986 1974 2377 2060; x_wconf 85' lang='lat' dir='ltr'><strong>cogitatione</strong></span> <span class='ocrx_word' id='word_1_167' title='bbox 2404 1991 2452 2030; x_wconf 79' lang='lat'><strong>20</strong></span> 
     </span>
     <span class='ocr_line' id='line_1_22' title="bbox 350 2060 2379 2148; baseline -0.002 -20"><span class='ocrx_word' id='word_1_168' title='bbox 350 2064 433 2128; x_wconf 90' lang='lat' dir='ltr'><strong>ad</strong></span> <span class='ocrx_word' id='word_1_169' title='bbox 486 2065 612 2128; x_wconf 89' lang='grc'><strong>3113</strong></span> <span class='ocrx_word' id='word_1_170' title='bbox 671 2064 938 2128; x_wconf 88' lang='lat' dir='ltr'><strong>consilia</strong></span> <span class='ocrx_word' id='word_1_171' title='bbox 991 2064 1176 2128; x_wconf 85' lang='lat' dir='ltr'><strong>video</strong></span> <span class='ocrx_word' id='word_1_172' title='bbox 1237 2086 1304 2128; x_wconf 88' lang='lat' dir='ltr'><strong>se</strong></span> <span class='ocrx_word' id='word_1_173' title='bbox 1363 2063 1726 2127; x_wconf 84' lang='lat' dir='ltr'><strong>contulisse.</strong></span> <span class='ocrx_word' id='word_1_174' title='bbox 1826 2062 1971 2148; x_wconf 82' lang='lat' dir='ltr'><strong>Ego</strong></span> <span class='ocrx_word' id='word_1_175' title='bbox 2026 2065 2244 2125; x_wconf 89' lang='lat' dir='ltr'><strong>tamen</strong></span> <span class='ocrx_word' id='word_1_176' title='bbox 2298 2060 2379 2125; x_wconf 89' lang='lat' dir='ltr'><strong>ad</strong></span> 
     </span>
     <span class='ocr_line' id='line_1_23' title="bbox 351 2150 2377 2233; baseline -0.001 -18"><span class='ocrx_word' id='word_1_177' title='bbox 351 2174 496 2215; x_wconf 92' lang='lat' dir='ltr'><strong>eum</strong></span> <span class='ocrx_word' id='word_1_178' title='bbox 540 2151 854 2216; x_wconf 85' lang='lat' dir='ltr'><strong>Furnium</strong></span> <span class='ocrx_word' id='word_1_179' title='bbox 906 2155 1201 2216; x_wconf 88' lang='lat' dir='ltr'><strong>nostrum</strong></span> <span class='ocrx_word' id='word_1_180' title='bbox 1246 2173 1393 2215; x_wconf 85' lang='lat' dir='ltr'><strong>cum</strong></span> <span class='ocrx_word' id='word_1_181' title='bbox 1437 2150 1755 2215; x_wconf 89' lang='lat' dir='ltr'><strong>mandatis</strong></span> <span class='ocrx_word' id='word_1_182' title='bbox 1799 2150 2163 2233; x_wconf 86' lang='lat' dir='ltr'><strong>litterisque</strong></span> <span class='ocrx_word' id='word_1_183' title='bbox 2210 2150 2377 2233; x_wconf 86' lang='lat' dir='ltr'><strong>misi,</strong></span> 
     </span>
    </p>

    <p class='ocr_par' dir='ltr' id='par_1_4' title="bbox 281 2235 2451 2940">
     <span class='ocr_line' id='line_1_24' title="bbox 281 2235 2377 2324; baseline -0.002 -19"><span class='ocrx_word' id='word_1_184' title='bbox 281 2257 313 2305; x_wconf 84' lang='lat'>5</span> <span class='ocrx_word' id='word_1_185' title='bbox 352 2240 407 2302; x_wconf 89' lang='lat' dir='ltr'><strong>si</strong></span> <span class='ocrx_word' id='word_1_186' title='bbox 467 2239 624 2323; x_wconf 90' lang='lat' dir='ltr'><strong>quid</strong></span> <span class='ocrx_word' id='word_1_187' title='bbox 679 2241 848 2304; x_wconf 90' lang='lat' dir='ltr'><strong>forte</strong></span> <span class='ocrx_word' id='word_1_188' title='bbox 905 2241 1215 2324; x_wconf 88' lang='lat' dir='ltr'><strong>proficere</strong></span> <span class='ocrx_word' id='word_1_189' title='bbox 1273 2243 1507 2324; x_wconf 88' lang='lat' dir='ltr'><strong>posset.</strong></span> <span class='ocrx_word' id='word_1_190' title='bbox 1618 2238 1755 2302; x_wconf 85' lang='lat' dir='ltr'><strong>Scis</strong></span> <span class='ocrx_word' id='word_1_191' title='bbox 1814 2242 1918 2323; x_wconf 86' lang='lat' dir='ltr'><strong>tu,</strong></span> <span class='ocrx_word' id='word_1_192' title='bbox 1981 2239 2072 2302; x_wconf 93' lang='lat' dir='ltr'><strong>mi</strong></span> <span class='ocrx_word' id='word_1_193' title='bbox 2134 2235 2377 2320; x_wconf 85' lang='lat' dir='ltr'><strong>Cicer0,</strong></span> 
     </span>
     <span class='ocr_line' id='line_1_25' title="bbox 352 2325 2376 2412; baseline -0.001 -22"><span class='ocrx_word' id='word_1_194' title='bbox 352 2327 527 2410; x_wconf 88' lang='lat' dir='ltr'><strong>quod</strong></span> <span class='ocrx_word' id='word_1_195' title='bbox 570 2327 652 2390; x_wconf 89' lang='lat' dir='ltr'><strong>ad</strong></span> <span class='ocrx_word' id='word_1_196' title='bbox 688 2326 975 2391; x_wconf 85' lang='lat' dir='ltr'><strong>Caesaris</strong></span> <span class='ocrx_word' id='word_1_197' title='bbox 1011 2350 1296 2392; x_wconf 88' lang='lat' dir='ltr'><strong>amorem</strong></span> <span class='ocrx_word' id='word_1_198' title='bbox 1340 2327 1589 2412; x_wconf 87' lang='lat' dir='ltr'><strong>attinet,</strong></span> <span class='ocrx_word' id='word_1_199' title='bbox 1636 2327 2007 2390; x_wconf 90' lang='lat' dir='ltr'><strong>societatem</strong></span> <span class='ocrx_word' id='word_1_200' title='bbox 2042 2325 2204 2389; x_wconf 84' lang='lat' dir='ltr'><strong>mihi</strong></span> <span class='ocrx_word' id='word_1_201' title='bbox 2242 2347 2376 2389; x_wconf 89' lang='lat' dir='ltr'><strong>esse</strong></span> 
     </span>
     <span class='ocr_line' id='line_1_26' title="bbox 351 2413 2449 2500; baseline 0 -23"><span class='ocrx_word' id='word_1_202' title='bbox 351 2418 581 2500; x_wconf 86' lang='lat' dir='ltr'><strong>tecum,</strong></span> <span class='ocrx_word' id='word_1_203' title='bbox 628 2415 730 2479; x_wconf 84' lang='lat' dir='ltr'><strong>vel</strong></span> <span class='ocrx_word' id='word_1_204' title='bbox 775 2415 948 2499; x_wconf 90' lang='lat' dir='ltr'><strong>quod</strong></span> <span class='ocrx_word' id='word_1_205' title='bbox 984 2416 1053 2479; x_wconf 92' lang='lat' dir='ltr'><strong>in</strong></span> <span class='ocrx_word' id='word_1_206' title='bbox 1088 2416 1527 2480; x_wconf 83' lang='lat' dir='ltr'><strong>familiaritate</strong></span> <span class='ocrx_word' id='word_1_207' title='bbox 1565 2413 1853 2478; x_wconf 86' lang='lat' dir='ltr'><strong>Caesaris</strong></span> <span class='ocrx_word' id='word_1_208' title='bbox 1895 2415 2047 2478; x_wconf 86' lang='lat' dir='ltr'><strong>vivo</strong></span> <span class='ocrx_word' id='word_1_209' title='bbox 2094 2414 2209 2478; x_wconf 95' lang='lat' dir='ltr'><strong>illo</strong></span> <span class='ocrx_word' id='word_1_210' title='bbox 2247 2414 2376 2477; x_wconf 90' lang='lat' dir='ltr'><strong>iam</strong></span> <span class='ocrx_word' id='word_1_211' title='bbox 2400 2429 2449 2469; x_wconf 79' lang='lat'><strong>25</strong></span> 
     </span>
     <span class='ocr_line' id='line_1_27' title="bbox 349 2501 2375 2590; baseline -0 -24"><span class='ocrx_word' id='word_1_212' title='bbox 349 2503 520 2566; x_wconf 91' lang='lat' dir='ltr'><strong>tueri</strong></span> <span class='ocrx_word' id='word_1_213' title='bbox 565 2525 712 2567; x_wconf 93' lang='lat' dir='ltr'><strong>eum</strong></span> <span class='ocrx_word' id='word_1_214' title='bbox 759 2508 823 2566; x_wconf 92' lang='lat' dir='ltr'><strong>et</strong></span> <span class='ocrx_word' id='word_1_215' title='bbox 870 2503 1136 2590; x_wconf 84' lang='lat' dir='ltr'><strong>diligere</strong></span> <span class='ocrx_word' id='word_1_216' title='bbox 1182 2504 1309 2567; x_wconf 82' lang='lat' dir='ltr'><strong>fuit</strong></span> <span class='ocrx_word' id='word_1_217' title='bbox 1344 2504 1507 2567; x_wconf 90' lang='lat' dir='ltr'><strong>mihi</strong></span> <span class='ocrx_word' id='word_1_218' title='bbox 1542 2524 1814 2587; x_wconf 88' lang='lat' dir='ltr'><strong>necesse,</strong></span> <span class='ocrx_word' id='word_1_219' title='bbox 1859 2503 1965 2566; x_wconf 86' lang='lat' dir='ltr'><strong>vel</strong></span> <span class='ocrx_word' id='word_1_220' title='bbox 2002 2502 2177 2586; x_wconf 90' lang='lat' dir='ltr'><strong>quod</strong></span> <span class='ocrx_word' id='word_1_221' title='bbox 2221 2501 2375 2586; x_wconf 83' lang='lat' dir='ltr'><strong>ipse,</strong></span> 
     </span>
     <span class='ocr_line' id='line_1_28' title="bbox 351 2590 2377 2678; baseline -0.001 -24"><span class='ocrx_word' id='word_1_222' title='bbox 351 2590 564 2674; x_wconf 90' lang='lat' dir='ltr'><strong>quoad</strong></span> <span class='ocrx_word' id='word_1_223' title='bbox 608 2613 728 2678; x_wconf 87' lang='lat' dir='ltr'><strong>ego</strong></span> <span class='ocrx_word' id='word_1_224' title='bbox 775 2614 961 2656; x_wconf 88' lang='lat' dir='ltr'><strong>nosse</strong></span> <span class='ocrx_word' id='word_1_225' title='bbox 1005 2592 1216 2676; x_wconf 86' lang='lat' dir='ltr'><strong>potui,</strong></span> <span class='ocrx_word' id='word_1_226' title='bbox 1276 2591 1773 2656; x_wconf 86' lang='lat' dir='ltr'><strong>moderatissimi</strong></span> <span class='ocrx_word' id='word_1_227' title='bbox 1819 2594 2011 2674; x_wconf 88' lang='lat' dir='ltr'><strong>atque</strong></span> <span class='ocrx_word' id='word_1_228' title='bbox 2054 2590 2377 2653; x_wconf 89' lang='lat' dir='ltr'><strong>humanis-</strong></span> 
     </span>
     <span class='ocr_line' id='line_1_29' title="bbox 350 2677 2378 2764; baseline -0.001 -21"><span class='ocrx_word' id='word_1_229' title='bbox 350 2680 498 2743; x_wconf 88' lang='lat' dir='ltr'><strong>simi</strong></span> <span class='ocrx_word' id='word_1_230' title='bbox 543 2680 669 2743; x_wconf 78' lang='lat' dir='ltr'><strong>fuit</strong></span> <span class='ocrx_word' id='word_1_231' title='bbox 713 2700 952 2762; x_wconf 87' lang='lat' dir='ltr'><strong>sensus,</strong></span> <span class='ocrx_word' id='word_1_232' title='bbox 998 2680 1101 2744; x_wconf 86' lang='lat' dir='ltr'><strong>vel</strong></span> <span class='ocrx_word' id='word_1_233' title='bbox 1137 2680 1313 2764; x_wconf 90' lang='lat' dir='ltr'><strong>quod</strong></span> <span class='ocrx_word' id='word_1_234' title='bbox 1353 2702 1431 2743; x_wconf 86' lang='lat' dir='ltr'><strong>ex</strong></span> <span class='ocrx_word' id='word_1_235' title='bbox 1467 2683 1602 2743; x_wconf 92' lang='lat' dir='ltr'><strong>tam</strong></span> <span class='ocrx_word' id='word_1_236' title='bbox 1638 2679 1880 2764; x_wconf 87' lang='lat' dir='ltr'><strong>insigni</strong></span> <span class='ocrx_word' id='word_1_237' title='bbox 1916 2677 2201 2742; x_wconf 89' lang='lat' dir='ltr'><strong>amicitia</strong></span> <span class='ocrx_word' id='word_1_238' title='bbox 2236 2699 2378 2741; x_wconf 90' lang='lat' dir='ltr'><strong>mea</strong></span> 
     </span>
     <span class='ocr_line' id='line_1_30' title="bbox 349 2765 2377 2852; baseline -0.001 -22"><span class='ocrx_word' id='word_1_239' title='bbox 349 2771 544 2852; x_wconf 87' lang='lat' dir='ltr'><strong>atque</strong></span> <span class='ocrx_word' id='word_1_240' title='bbox 591 2766 878 2832; x_wconf 82' lang='lat' dir='ltr'><strong>Caesaris</strong></span> <span class='ocrx_word' id='word_1_241' title='bbox 923 2768 1096 2831; x_wconf 89' lang='lat' dir='ltr'><strong>hunc</strong></span> <span class='ocrx_word' id='word_1_242' title='bbox 1139 2767 1262 2830; x_wconf 91' lang='lat' dir='ltr'><strong>filii</strong></span> <span class='ocrx_word' id='word_1_243' title='bbox 1303 2767 1448 2832; x_wconf 95' lang='grc'><strong>1060</strong></span> <span class='ocrx_word' id='word_1_244' title='bbox 1495 2771 1560 2830; x_wconf 90' lang='grc'><strong>61</strong></span> <span class='ocrx_word' id='word_1_245' title='bbox 1614 2767 1790 2830; x_wconf 87' lang='grc' dir='ltr'><strong>1Π1118</strong></span> <span class='ocrx_word' id='word_1_246' title='bbox 1836 2771 1901 2830; x_wconf 94' lang='grc'><strong>61</strong></span> <span class='ocrx_word' id='word_1_247' title='bbox 1944 2769 2160 2830; x_wconf 86' lang='lat' dir='ltr'><strong>vestro</strong></span> <span class='ocrx_word' id='word_1_248' title='bbox 2216 2765 2377 2828; x_wconf 82' lang='lat' dir='ltr'><strong>iudi-</strong></span> 
     </span>
     <span class='ocr_line' id='line_1_31' title="bbox 350 2853 2451 2940; baseline -0.001 -22"><span class='ocrx_word' id='word_1_249' title='bbox 350 2856 450 2919; x_wconf 94' lang='lat' dir='ltr'><strong>cio</strong></span> <span class='ocrx_word' id='word_1_250' title='bbox 479 2857 903 2940; x_wconf 88' lang='lat' dir='ltr'><strong>supstitutum</strong></span> <span class='ocrx_word' id='word_1_251' title='bbox 937 2877 1070 2919; x_wconf 92' lang='lat' dir='ltr'><strong>non</strong></span> <span class='ocrx_word' id='word_1_252' title='bbox 1104 2855 1375 2940; x_wconf 88' lang='lat' dir='ltr'><strong>proinde</strong></span> <span class='ocrx_word' id='word_1_253' title='bbox 1410 2855 1646 2919; x_wconf 89' lang='lat' dir='ltr'><strong>habere</strong></span> <span class='ocrx_word' id='word_1_254' title='bbox 1673 2858 1861 2938; x_wconf 85' lang='lat' dir='ltr'><strong>turpe</strong></span> <span class='ocrx_word' id='word_1_255' title='bbox 1904 2853 2070 2917; x_wconf 89' lang='lat' dir='ltr'><strong>mihi</strong></span> <span class='ocrx_word' id='word_1_256' title='bbox 2106 2853 2374 2917; x_wconf 85' lang='lat' dir='ltr'><strong>videtur.</strong></span> <span class='ocrx_word' id='word_1_257' title='bbox 2402 2870 2451 2909; x_wconf 81' lang='lat'><strong>3⁰</strong></span> 
     </span>
    </p>

    <p class='ocr_par' dir='ltr' id='par_1_5' title="bbox 279 2941 2449 3556">
     <span class='ocr_line' id='line_1_32' title="bbox 279 2941 2377 3031; baseline -0.003 -21"><span class='ocrx_word' id='word_1_258' title='bbox 279 2963 309 3010; x_wconf 83' lang='grc'><strong>6</strong></span> <span class='ocrx_word' id='word_1_259' title='bbox 351 2943 478 3007; x_wconf 85' lang='lat' dir='ltr'><strong>Sed</strong></span> <span class='ocrx_word' id='word_1_260' title='bbox 531 2941 868 3031; x_wconf 90' lang='lat' dir='ltr'><strong>(quicquid</strong></span> <span class='ocrx_word' id='word_1_261' title='bbox 921 2944 1045 3007; x_wconf 90' lang='lat' dir='ltr'><strong>tibi</strong></span> <span class='ocrx_word' id='word_1_262' title='bbox 1101 2944 1339 3028; x_wconf 87' lang='lat' dir='ltr'><strong>scribo,</strong></span> <span class='ocrx_word' id='word_1_263' title='bbox 1397 2943 1687 3008; x_wconf 92' lang='lat' dir='ltr'><strong>dolenter</strong></span> <span class='ocrx_word' id='word_1_264' title='bbox 1730 2942 2125 3006; x_wconf 90' lang='lat' dir='ltr'><strong>mehercules</strong></span> <span class='ocrx_word' id='word_1_265' title='bbox 2171 2941 2377 3027; x_wconf 86' lang='lat' dir='ltr'><strong>magis</strong></span> 
     </span>
     <span class='ocr_line' id='line_1_33' title="bbox 348 3028 2379 3118; baseline -0.002 -23"><span class='ocrx_word' id='word_1_266' title='bbox 348 3053 541 3114; x_wconf 88' lang='lat' dir='ltr'><strong>quam</strong></span> <span class='ocrx_word' id='word_1_267' title='bbox 584 3032 842 3096; x_wconf 91' lang='lat' dir='ltr'><strong>inimice</strong></span> <span class='ocrx_word' id='word_1_268' title='bbox 887 3029 1082 3118; x_wconf 88' lang='lat' dir='ltr'><strong>facio)</strong></span> <span class='ocrx_word' id='word_1_269' title='bbox 1130 3031 1305 3115; x_wconf 85' lang='lat' dir='ltr'><strong>quod</strong></span> <span class='ocrx_word' id='word_1_270' title='bbox 1349 3031 1512 3096; x_wconf 82' lang='lat' dir='ltr'><strong>vivit</strong></span> <span class='ocrx_word' id='word_1_271' title='bbox 1554 3029 1881 3095; x_wconf 89' lang='lat' dir='ltr'><strong>Antonius</strong></span> <span class='ocrx_word' id='word_1_272' title='bbox 1925 3030 2145 3114; x_wconf 88' lang='lat' dir='ltr'><strong>hodie,</strong></span> <span class='ocrx_word' id='word_1_273' title='bbox 2206 3028 2379 3113; x_wconf 89' lang='lat' dir='ltr'><strong>quod</strong></span> 
     </span>
     <span class='ocr_line' id='line_1_34' title="bbox 345 3119 2377 3204; baseline -0.001 -22"><span class='ocrx_word' id='word_1_274' title='bbox 345 3119 626 3204; x_wconf 91' lang='lat' dir='ltr'><strong>Lepidus</strong></span> <span class='ocrx_word' id='word_1_275' title='bbox 680 3142 808 3184; x_wconf 89' lang='lat' dir='ltr'><strong>una</strong></span> <span class='ocrx_word' id='word_1_276' title='bbox 862 3123 985 3204; x_wconf 88' lang='lat' dir='ltr'><strong>est,</strong></span> <span class='ocrx_word' id='word_1_277' title='bbox 1041 3120 1216 3203; x_wconf 90' lang='lat' dir='ltr'><strong>quod</strong></span> <span class='ocrx_word' id='word_1_278' title='bbox 1269 3119 1587 3183; x_wconf 82' lang='lat' dir='ltr'><strong>exercitus</strong></span> <span class='ocrx_word' id='word_1_279' title='bbox 1630 3119 1875 3183; x_wconf 90' lang='lat' dir='ltr'><strong>habent</strong></span> <span class='ocrx_word' id='word_1_280' title='bbox 1919 3140 2052 3182; x_wconf 92' lang='lat' dir='ltr'><strong>non</strong></span> <span class='ocrx_word' id='word_1_281' title='bbox 2098 3121 2377 3182; x_wconf 90' lang='lat' dir='ltr'><strong>contem-</strong></span> 
     </span>
     <span class='ocr_line' id='line_1_35' title="bbox 346 3205 2379 3293; baseline -0.001 -22"><span class='ocrx_word' id='word_1_282' title='bbox 346 3208 615 3293; x_wconf 87' lang='grc'><strong>116111108,</strong></span> <span class='ocrx_word' id='word_1_283' title='bbox 670 3209 845 3292; x_wconf 89' lang='lat' dir='ltr'><strong>quod</strong></span> <span class='ocrx_word' id='word_1_284' title='bbox 888 3212 1172 3292; x_wconf 88' lang='lat' dir='ltr'><strong>sperant,</strong></span> <span class='ocrx_word' id='word_1_285' title='bbox 1219 3208 1397 3292; x_wconf 90' lang='lat' dir='ltr'><strong>quod</strong></span> <span class='ocrx_word' id='word_1_286' title='bbox 1441 3207 1693 3292; x_wconf 85' lang='lat' dir='ltr'><strong>audent,</strong></span> <span class='ocrx_word' id='word_1_287' title='bbox 1743 3228 1930 3270; x_wconf 91' lang='lat' dir='ltr'><strong>omne</strong></span> <span class='ocrx_word' id='word_1_288' title='bbox 1980 3205 2235 3270; x_wconf 88' lang='lat' dir='ltr'><strong>Caesari</strong></span> <span class='ocrx_word' id='word_1_289' title='bbox 2282 3225 2379 3268; x_wconf 89' lang='grc'><strong>36-</strong></span> 
     </span>
     <span class='ocr_line' id='line_1_36' title="bbox 347 3295 2449 3382; baseline -0.001 -23"><span class='ocrx_word' id='word_1_290' title='bbox 347 3300 604 3379; x_wconf 91' lang='lat' dir='ltr'><strong>ceptum</strong></span> <span class='ocrx_word' id='word_1_291' title='bbox 640 3297 878 3360; x_wconf 86' lang='lat' dir='ltr'><strong>referre</strong></span> <span class='ocrx_word' id='word_1_292' title='bbox 899 3297 1200 3380; x_wconf 88' lang='lat' dir='ltr'><strong>possunt.</strong></span> <span class='ocrx_word' id='word_1_293' title='bbox 1271 3295 1500 3379; x_wconf 89' lang='lat' dir='ltr'><strong>Neque</strong></span> <span class='ocrx_word' id='word_1_294' title='bbox 1537 3317 1658 3382; x_wconf 84' lang='lat' dir='ltr'><strong>ego</strong></span> <span class='ocrx_word' id='word_1_295' title='bbox 1698 3295 2027 3379; x_wconf 88' lang='lat' dir='ltr'><strong>superiora</strong></span> <span class='ocrx_word' id='word_1_296' title='bbox 2062 3297 2377 3378; x_wconf 83' lang='lat' dir='ltr'><strong>repetam3</strong></span> <span class='ocrx_word' id='word_1_297' title='bbox 2402 3305 2449 3347; x_wconf 80' lang='lat'><strong>3⁵</strong></span> 
     </span>
     <span class='ocr_line' id='line_1_37' title="bbox 347 3384 2379 3468; baseline -0.001 -21"><span class='ocrx_word' id='word_1_298' title='bbox 347 3384 462 3447; x_wconf 89' lang='grc'><strong>8611</strong></span> <span class='ocrx_word' id='word_1_299' title='bbox 506 3407 585 3448; x_wconf 83' lang='lat' dir='ltr'><strong>ex</strong></span> <span class='ocrx_word' id='word_1_300' title='bbox 632 3405 706 3448; x_wconf 90' lang='grc'><strong>60</strong></span> <span class='ocrx_word' id='word_1_301' title='bbox 751 3388 1059 3468; x_wconf 85' lang='lat' dir='ltr'><strong>tempore,</strong></span> <span class='ocrx_word' id='word_1_302' title='bbox 1107 3406 1234 3468; x_wconf 90' lang='lat' dir='ltr'><strong>quo</strong></span> <span class='ocrx_word' id='word_1_303' title='bbox 1280 3384 1418 3468; x_wconf 91' lang='lat' dir='ltr'><strong>ipse</strong></span> <span class='ocrx_word' id='word_1_304' title='bbox 1463 3384 1627 3447; x_wconf 83' lang='lat' dir='ltr'><strong>mihi</strong></span> <span class='ocrx_word' id='word_1_305' title='bbox 1670 3384 1995 3467; x_wconf 86' lang='lat' dir='ltr'><strong>professus</strong></span> <span class='ocrx_word' id='word_1_306' title='bbox 2042 3386 2138 3445; x_wconf 90' lang='lat' dir='ltr'><strong>est</strong></span> <span class='ocrx_word' id='word_1_307' title='bbox 2176 3403 2244 3445; x_wconf 89' lang='grc'><strong>86</strong></span> <span class='ocrx_word' id='word_1_308' title='bbox 2278 3403 2379 3445; x_wconf 86' lang='lat' dir='ltr'><strong>ve-</strong></span> 
     </span>
     <span class='ocr_line' id='line_1_38' title="bbox 351 3469 2378 3556; baseline 0.001 -24"><span class='ocrx_word' id='word_1_309' title='bbox 351 3472 518 3556; x_wconf 87' lang='lat' dir='ltr'><strong>nire,</strong></span> <span class='ocrx_word' id='word_1_310' title='bbox 579 3472 632 3538; x_wconf 92' lang='lat' dir='ltr'><strong>si</strong></span> <span class='ocrx_word' id='word_1_311' title='bbox 689 3473 905 3536; x_wconf 85' lang='lat' dir='ltr'><strong>venire</strong></span> <span class='ocrx_word' id='word_1_312' title='bbox 959 3473 1294 3556; x_wconf 85' lang='lat' dir='ltr'><strong>voluisset,</strong></span> <span class='ocrx_word' id='word_1_313' title='bbox 1354 3475 1466 3536; x_wconf 88' lang='lat' dir='ltr'><strong>aut</strong></span> <span class='ocrx_word' id='word_1_314' title='bbox 1524 3493 1900 3556; x_wconf 89' lang='lat' dir='ltr'><strong>oppressum</strong></span> <span class='ocrx_word' id='word_1_315' title='bbox 1952 3471 2084 3534; x_wconf 91' lang='lat' dir='ltr'><strong>iam</strong></span> <span class='ocrx_word' id='word_1_316' title='bbox 2136 3469 2378 3534; x_wconf 90' lang='lat' dir='ltr'><strong>bellum</strong></span> 
     </span>
    </p>
   </div>
  </div>
 </body>
</html>
