2567 3884
203 512 235 560 3

277 175 317 237 2
324 174 410 238 60
1025 173 1542 227 EPISTULARUM

272 317 480 381 facilis
534 316 918 402 gubernatio
975 319 1104 400 est3
1162 318 1236 379 ut
1289 316 1678 399 perducatur
1732 318 1973 399 autem,
2032 336 2307 400 magnae

275 427 420 469 cum
468 404 838 490 diligentiae
885 408 982 467 est
1026 407 1168 467 tum
1215 404 1410 466 etiam
1455 403 1768 467 fortunae.

409 491 536 556 Sed
581 497 645 556 et
690 496 754 556 te
801 492 1132 575 aliquanto
1179 495 1353 576 ante,
1415 495 1488 554 ut
1534 513 1745 575 spero,
1792 490 2174 554 habebimus
2221 493 2304 574 et,

271 585 720 665 praeterquam
785 581 959 664 quod
1016 580 1110 644 rei
1172 603 1232 663 p.
1296 579 1625 643 consulere
1690 579 2023 662 debemuS,
2087 582 2307 642 tamen

271 672 420 733 tuae
459 669 761 754 dignitati
798 670 892 732 ita
926 669 1231 752 favemus,
1278 671 1351 732 ut
1390 689 1577 731 omne
1611 670 1907 731 nostrum
1946 667 2304 749 consilium,
2363 685 2390 723 5

273 758 584 841 studium,
651 757 964 840 officium,
1031 778 1317 840 operam,
1380 756 1695 840 laborem,
1762 755 2164 841 diligentiam
2225 755 2307 817 ad

272 845 762 930 amplitudinem
821 848 1001 907 tuam
1061 844 1478 908 conferamus
1578 842 1679 906 Ita
1733 843 2037 907 facillime
2091 846 2155 906 et
2212 843 2305 906 rei

272 957 332 1018 p.
341 985 359 1018 ,
408 955 569 1018 quae
604 933 767 996 mihi
805 932 1134 995 carissima
1170 935 1284 1015 est,
1332 935 1397 995 et
1434 932 1752 995 amicitiae
1788 936 2064 1015 nostrae,
2112 953 2305 1016 quam

274 1022 672 1096 sanctissime
729 1021 919 1084 nobis
980 1021 1312 1084 colendam
1370 1024 1557 1104 puto,
1620 1042 1723 1084 me
1784 1020 2091 1106 intellego
2150 1019 2305 1082 satis

275 1111 614 1173 facturum.
2333 1125 2387 1164 10

407 1197 722 1260 Furnium
767 1200 1062 1260 nostrum
1107 1196 1274 1259 tanti
1321 1218 1359 1258 a
1403 1200 1468 1259 te
1514 1195 1681 1279 fieri,
1737 1198 2049 1278 quantum
2103 1195 2305 1278 ipsius

274 1285 641 1348 humanitas
696 1288 760 1348 et
816 1285 1097 1370 dignitas
1151 1284 1464 1369 postulat,
1520 1305 1636 1347 nec
1690 1283 1895 1346 miror
1947 1288 2011 1346 et
2057 1283 2305 1369 gaudeo

275 1376 466 1456 teque
525 1373 651 1436 hoc
708 1373 1074 1437 existimare
1133 1373 1316 1456 vo10,
1382 1371 1692 1455 quicquid
1749 1371 1819 1435 in
1878 1393 2025 1434 eum
2083 1371 2306 1435 iudicii

277 1461 602 1543 officiique
631 1461 995 1546 contuleriS,
1041 1460 1111 1524 id
1137 1461 1229 1524 ita
1255 1482 1360 1524 me
1398 1461 1701 1544 accipere,
1739 1463 1812 1523 ut
1848 1459 1918 1522 in
1954 1481 2057 1523 me
2095 1460 2307 1545 ipsum

275 1552 342 1612 te
386 1552 608 1633 putem
654 1549 1017 1614 contulisse.
2334 1561 2384 1602 15

1252 1705 1335 1771 H.

377 1827 492 1883 Ser.
531 1828 740 1883 Romae
775 1829 920 1884 inter
958 1829 1131 1882 XIII
1160 1828 1233 1882 K.
1273 1833 1326 1882 et
1360 1828 1474 1881 III
1503 1827 1637 1881 Non
1679 1827 1786 1882 Oct.
1828 1845 1881 1882 a.
1922 1828 2033 1882 710
2072 1829 2209 1896 (44).

957 1949 1212 2005 CICERO
1251 1949 1539 2004 PLANCO
1580 1949 1631 2005 S.

412 2077 631 2141 Meum
677 2076 963 2140 studium
1007 2077 1242 2140 honori
1277 2080 1392 2140 tuo
1429 2098 1548 2160 pro
1584 2074 2053 2140 necessitudine
2088 2078 2311 2138 nostra

279 2187 411 2229 non
458 2165 788 2249 defuisset,
836 2165 892 2228 si
937 2169 1048 2229 aut
1093 2169 1236 2229 tuto
1283 2165 1353 2228 in
1400 2169 1691 2228 senatum
1738 2167 1849 2227 aut
1893 2164 2163 2227 honeste
2207 2185 2311 2227 ve·
2336 2179 2383 2219 20

279 2254 419 2317 nire
463 2253 843 2338 potuissem,
889 2254 1001 2317 sed
1045 2275 1162 2317 nec
1207 2253 1345 2316 sine
1389 2253 1675 2336 periculo
1724 2252 2064 2337 quisquam
2109 2251 2311 2314 libere

282 2341 359 2404 de
405 2363 474 2404 re
527 2365 586 2425 p.
636 2341 916 2404 sentiens
961 2341 1202 2406 versari
1254 2344 1471 2424 potest
1530 2343 1599 2404 in
1654 2361 1903 2404 summa
1948 2340 2311 2424 inpunitate

280 2428 662 2514 gladiorum,
706 2451 825 2492 nec
869 2432 1124 2493 nostrae
1171 2429 1507 2514 dignitatis
1552 2429 1808 2493 videtur
1854 2449 1989 2492 esse
2035 2428 2131 2491 ibi
2177 2449 2313 2491 sen-

279 2517 553 2580 tentiam
608 2517 684 2579 de
740 2538 808 2581 re
852 2540 912 2601 p.
961 2519 1194 2601 dicere,
1241 2518 1356 2581 ubi
1401 2539 1504 2581 me
1550 2522 1615 2581 et
1659 2517 1889 2581 melius
1937 2520 2001 2580 et
2046 2515 2313 2600 propius

281 2605 545 2668 audiant
591 2606 822 2668 armati
869 2627 1061 2688 quam
1108 2610 1449 2669 senatores
1498 2604 1902 2690 Quapropter
1939 2606 2008 2668 in
2041 2604 2312 2688 privatis
2341 2619 2388 2659 25

283 2693 475 2757 rebus
519 2694 772 2757 nullum
815 2715 1022 2777 neque
1061 2694 1349 2757 officium
1393 2715 1600 2778 neque
1638 2693 1924 2756 studium
1959 2715 2176 2756 meum
2214 2692 2315 2755 de-

283 2781 619 2867 siderabis3
673 2803 754 2844 ne
801 2781 870 2844 in
914 2782 1191 2864 publicis
1239 2782 1516 2866 quidem,
1564 2781 1618 2844 si
1664 2781 1821 2865 quid
1867 2781 2015 2865 erit,
2070 2781 2140 2844 in
2187 2801 2313 2864 quo

282 2891 386 2933 me
431 2870 737 2933 interesse
789 2891 1044 2933 necesse
1099 2871 1209 2953 sit,
1264 2891 1571 2953 umquam
1619 2869 1770 2932 dero
1824 2891 1905 2932 ne
1962 2891 2108 2933 cum
2152 2869 2315 2952 peri-

284 2957 428 3022 culo
486 2958 744 3041 quidem
798 2979 942 3021 meo
1001 2958 1305 3044 dignitati
1358 2961 1533 3043 tuae3
1592 2957 1662 3020 in
1717 2958 1797 3020 iis
1844 2961 2060 3021 autem
2106 2958 2315 3040 rebuS,

285 3067 446 3128 quae
483 3046 688 3109 nihilo
725 3046 956 3129 minue,
993 3049 1067 3110 ut
1103 3067 1224 3133 ego
1262 3046 1485 3131 apsim,
1533 3045 1760 3109 confici
1797 3049 2120 3130 poterunt,
2164 3048 2315 3130 peto
2342 3062 2390 3100 30

283 3156 322 3284 ἰ,
354 3137 432 3284 tte
478 3138 551 3196 ut
596 3155 699 3197 me
754 3134 1072 3198 rationem
1125 3135 1364 3199 habere
1409 3134 1569 3199 velis
1615 3138 1679 3198 et
1726 3133 1953 3198 salutis
2000 3138 2063 3198 et
2111 3133 2318 3220 digni-

315 3243 352 3284 a
385 3243 438 3284 1s
484 3243 682 3286 meae.
