2567 3884
874 124 1091 178 1113811
1126 125 1204 179 1v
1242 131 1290 180 5.
1702 193 1713 200 ,
2028 126 2112 190 89

79 266 348 353 obisset,
404 266 624 352 paucis
677 271 826 351 post
881 268 1065 331 annis
1120 271 1339 332 tamen
1394 269 1453 332 ei
1511 268 1916 333 moriendum
1970 270 2113 353 fuit,

79 356 388 457 quoniam
431 356 628 420 homo
674 359 827 419 nata
871 351 1097 421 fuerat.
1189 355 1410 420 Etiam
1455 360 1528 421 tu
1575 357 1656 421 ab
1701 357 1878 421 hisce
1922 358 2114 422 rebus
2151 372 2184 423 5

80 444 369 508 animum
425 465 499 508 ac
553 444 1014 531 cogitationem
1072 446 1253 508 tuam
1299 465 1496 509 avoca
1541 449 1734 529 atque
1780 467 1854 509 ea
1895 446 2115 529 potius

81 532 508 616 10111111130010,
554 554 717 615 quae
755 533 951 619 digna
986 536 1099 596 tua
1132 554 1408 617 persona
1445 536 1620 617 sunt,
1679 532 1876 617 illam,
1922 556 2115 616 quam

28 638 53 678 ⁵
82 620 195 684 diu
242 622 302 685 ei
349 643 510 705 opus
554 620 770 705 fuerit,
815 620 1070 704 vixisse,
1116 643 1244 685 una
1291 642 1437 685 cum
1483 642 1552 684 re
1595 621 1856 705 publica
1900 622 2116 706 fuisse,

78 712 173 793 te,
228 712 479 793 patrem
534 730 748 792 suum,
806 713 1197 809 praetorem,
1257 709 1611 793 consulem,
1671 730 1981 796 augurem
2025 709 2118 774 vi-
2191 704 2214 718 χ

83 796 270 881 disse,
316 797 828 861 adulescentibus
872 796 1197 881 primariis
1240 801 1512 882 nuptam
1556 797 1771 882 fuisse,
1817 798 2117 862 omnibus

81 885 273 950 bonis
327 906 529 969 prope
572 886 976 985 perfunctam
1023 906 1184 969 esse,
1232 906 1378 949 cum
1424 907 1525 949 res
1570 886 1831 969 publica
1877 886 2120 950 occide-

82 976 211 1058 ret,
267 973 402 1037 vita
456 973 812 1037 excessisse.
906 972 1076 1049 Quid
1130 976 1252 1058 est,
1309 973 1484 1058 quod
1536 976 1609 1037 tu
1657 977 1768 1037 aut
1813 974 1925 1037 illa
1970 995 2118 1038 cum

3 1083 54 1121 10
83 1063 350 1126 fortuna
401 1061 527 1125 hoc
578 1062 841 1126 nomine
895 1062 1079 1145 queri
1131 1062 1440 1145 possitis?
1530 1060 1826 1146 Denique
1869 1062 2007 1126 noli
2051 1065 2118 1126 te

84 1149 383 1214 oblivisci
440 1148 813 1213 Ciceronem
874 1171 1009 1213 esse
1074 1153 1139 1213 et
1202 1172 1376 1233 eum,
1444 1150 1556 1233 qui
1601 1150 1746 1214 aliis
1792 1150 2117 1214 consueris

81 1238 452 1323 praecipere
498 1241 562 1302 et
609 1238 759 1303 dare
805 1238 1163 1322 consilium,
1206 1260 1416 1322 neque
1461 1238 1704 1301 imitari
1748 1239 1954 1303 malos
1989 1260 2118 1302 me-

86 1326 291 1411 (11003,
351 1326 463 1410 qui
509 1326 578 1389 in
623 1326 849 1390 81101113
893 1326 1139 1390 morbis
1182 1327 1573 1411 profitentur
1615 1330 1834 1390 tenere
1877 1348 1947 1391 se
1990 1348 2120 1391 me-

86 1414 337 1478 dicinae
381 1414 745 1499 scientiam,
792 1414 917 1497 ipsi
962 1435 1030 1478 se
1076 1435 1299 1478 curare
1342 1436 1474 1478 non
1517 1418 1807 1499 possunt,
1852 1415 1964 1479 sed
2007 1437 2119 1498 po-

4 1522 57 1562 15
86 1503 251 1587 tius,
316 1524 479 1585 quae
541 1502 684 1566 aliis
750 1505 889 1565 tute
951 1503 1318 1586 praecipere
1381 1503 1547 1567 soles
1565 1554 1583 1587 ,
1657 1525 1730 1567 ea
1791 1506 1931 1567 tute
1994 1503 2118 1566 tibi

84 1590 345 1655 subiace
404 1594 595 1675 atque
655 1590 826 1674 apud
884 1591 1170 1654 animum
1227 1612 1533 1675 propone.
1636 1590 1873 1655 Nullus
1935 1591 2119 1655 dolor

86 1683 202 1764 est,
250 1701 441 1763 quem
475 1701 609 1742 non
644 1678 1087 1764 longinquitas
1122 1679 1434 1764 temporis
1469 1679 1719 1743 minuat
1747 1677 1828 1743 ac'
1847 1679 2114 1744 molliat.

83 1766 233 1832 Hoc
276 1770 342 1832 te
388 1770 721 1851 expectare
765 1772 1020 1851 tempus
1066 1766 1190 1832 tibi
1236 1772 1426 1851 turpe
1481 1770 1577 1831 est
1623 1789 1696 1831 ac
1739 1788 1871 1832 non
1918 1767 1978 1831 ei
2024 1768 2118 1831 rei

86 1855 402 1939 sapientia
456 1859 569 1919 tua
622 1859 688 1919 te
744 1876 1091 1920 occurrere.
1186 1854 1430 1932 Quodsi
1485 1856 1597 1939 qui
1653 1855 1848 1919 etiam
1893 1854 2117 1919 inferis

2 1965 57 2003 20
85 1965 309 2008 sensus
356 1947 469 2028 est,
515 1944 628 2028 qui
673 1943 849 2008 illius
894 1944 963 2007 111
1007 1946 1073 2007 te
1118 1966 1302 2008 amor
1336 1944 1463 2007 fuit
1503 1944 1836 2028 pietasque
1881 1943 1949 2007 in
1987 1966 2118 2007 om-

84 2032 188 2095 nis
241 2052 418 2116 suos,
462 2032 588 2096 hoc
642 2035 813 2096 certe
868 2032 981 2095 illa
1034 2035 1099 2095 te
1153 2032 1364 2097 facere
1416 2053 1547 2095 non
1601 2032 1758 2095 vult.
1848 2030 1950 2095 Da
1993 2031 2120 2095 1100

85 2120 187 2183 1111
229 2124 540 2204 mortuae,
587 2120 667 2183 da
713 2120 940 2184 ceteris
986 2119 1207 2184 amicis
1253 2142 1328 2184 ac
1340 2119 1809 2220 familiaribuS,
1855 2119 1967 2203 qui
2002 2124 2117 2184 tuo

88 2208 311 2273 dolore
354 2212 659 2292 maerent,
707 2208 787 2272 da
830 2207 1094 2292 patriae,
1140 2212 1240 2292 ut,
1300 2208 1358 2271 si
1406 2230 1533 2291 qua
1577 2208 1646 2271 in
1691 2229 1760 2271 re
1808 2230 1969 2292 opus
2015 2209 2118 2293 sit,

86 2318 283 2381 opera
328 2299 393 2360 et
438 2296 705 2360 consilio
751 2300 866 2360 tuo
904 2296 1002 2359 uti
1036 2296 1258 2380 possit.
1349 2295 1663 2380 Denique,
1709 2296 2014 2380 quoniam
2050 2296 2121 2359 in

0 2404 55 2444 25
87 2406 229 2449 eam
273 2384 602 2449 fortunam
648 2384 1036 2468 devenimuS,
1081 2387 1155 2448 ut
1200 2384 1396 2448 etiam
1440 2384 1594 2447 huic
1637 2384 1732 2448 rei
1766 2384 1957 2449 nobis
1993 2406 2120 2449 ser-

85 2472 392 2536 viendum
443 2473 557 2557 sit,
617 2472 754 2537 11011
813 2435 1241 2556 committere,
1302 2476 1375 2535 ut
1431 2472 1770 2555 quisquam
1824 2476 1891 2537 te
1934 2475 2120 2556 putet

83 2582 219 2625 non
262 2564 397 2624 tam
442 2561 645 2627 filiam
690 2583 883 2645 quam
928 2561 1022 2626 rei
1065 2560 1361 2644 publicae
1407 2563 1700 2644 tempora
1745 2564 1809 2625 et
1845 2560 2120 2624 aliorum

84 2649 427 2714 victoriam
470 2649 709 2736 lugere.

218 2735 417 2801 Plura
469 2758 573 2801 me
628 2737 710 2800 ad
761 2740 827 2801 te
882 2738 959 2801 de
1003 2737 1125 2801 hac
1179 2758 1249 2800 re
1297 2735 1576 2801 scribere
1621 2736 1849 2821 pudet,
1902 2757 1984 2799 ne
2029 2736 2120 2799 vi-

0 2846 54 2885 οο
86 2825 241 2889 (1081
292 2824 671 2909 prudentiae
726 2829 876 2889 tuae
931 2824 1237 2890 diffidere.
1332 2824 1566 2909 Quare,
1627 2826 1682 2889 si
1735 2825 1861 2888 hoc
1918 2845 2119 2887 unum

82 2934 482 2998 proposuero
490 2964 509 2998 ,
567 2915 763 2978 finem
821 2913 1053 2977 faciam
1113 2913 1464 2978 scribendi:
1528 2912 1830 2986 Vidimus
1876 2912 2120 2995 aliquo-

82 3003 253 3065 tiens
327 3002 669 3066 secundam
738 3001 1168 3086 pulcherrime
1230 3005 1297 3065 te
1359 3002 1528 3065 ferre
1599 3001 1927 3066 fortunam
1988 3023 2121 3064 ma-

82 3111 408 3176 gnamque
468 3112 549 3154 ex
606 3111 681 3155 ea
738 3111 808 3155 re
866 3093 932 3154 te
990 3090 1246 3155 laudem
1306 3089 1536 3174 apisci3
1608 3089 1710 3153 fac
1772 3088 2118 3172 aliquando

81 3178 537 3264 intellegamus
596 3177 926 3243 adversam
986 3199 1240 3263 quoque
1300 3181 1365 3241 te
1425 3198 1625 3261 aeque
1682 3178 1850 3241 ferre
1911 3198 2119 3261 posse,

0 3286 49 3326 ιε
80 3287 293 3351 neque
338 3266 407 3330 id
450 3266 689 3351 maius,
735 3289 929 3351 quam
976 3267 1221 3351 debeat,
1266 3266 1392 3330 tibi
1439 3286 1601 3330 onus
1644 3265 1868 3349 videri,
1911 3287 1994 3329 ne
2040 3286 2120 3331 ex

83 3355 386 3419 omnibus
432 3354 784 3420 virtutibus
829 3354 988 3419 11800
1032 3377 1160 3419 una
1203 3354 1330 3418 tibi
1374 3354 1669 3418 videatur
1715 3354 1946 3419 deesse.

218 3442 405 3519 Quod
450 3443 532 3507 ad
575 3465 679 3507 me
725 3444 987 3528 attinet,
1035 3464 1180 3507 cum
1225 3446 1292 3507 te
1337 3442 1855 3527 tranquilliorem
1902 3442 2118 3507 animo

2155 3626 2205 3676 ne*

2096 3676 2159 3832 i
