2567 3884
186 766 214 813 1

250 166 380 230 458
1004 163 1518 218 EPISTULARUM

1168 374 1344 440 XIII.

553 498 665 555 Ser.
704 499 885 553 eodem
922 498 1035 553 loco
1070 503 1122 552 et
1155 504 1386 565 tempore
1422 511 1528 564 quo
1565 512 1644 564 ep.
1683 494 1784 548 IV
1811 501 1862 548 et
1898 493 1972 547 X.

606 620 681 674 M.
721 617 975 674 CICERO
1018 617 1165 672 IMP.
1205 616 1256 670 S.
1295 617 1362 671 D.
1399 616 1458 672 L.
1497 615 1735 670 PAULO
1775 615 1921 671 COS.

385 745 666 809 Maxime
710 745 874 809 mihi
920 740 1045 808 fuit
1082 747 1378 827 optatum
1413 742 1658 806 Romae
1695 764 1830 805 esse
1866 745 2084 808 tecum
2120 742 2288 806 mul-

254 837 353 897 tas
400 834 482 897 ob
530 854 748 897 causas
758 883 775 916 ,
831 832 943 895 sed
994 832 1360 915 praecipue,
1416 834 1490 894 ut
1543 834 1608 893 et
1662 831 1731 893 in
1775 831 2052 913 petendo
2101 835 2168 894 et
2215 832 2286 893 in
2351 852 2380 891 5

254 922 535 1007 gerendo
572 921 905 984 consulatu
949 941 1166 983 meum
1210 918 1334 982 tibi
1372 918 1662 981 debitum
1709 918 1993 981 studium
2039 920 2288 1002 perspi—

256 1030 396 1073 cere
458 1030 692 1093 posses,
795 1007 893 1072 Ac
953 1007 1288 1091 petitionis
1352 1006 1611 1090 quidem
1674 1009 1822 1070 tuae
1886 1006 2054 1069 ratio
2119 1007 2289 1069 mihi

256 1118 506 1196 semper
549 1097 674 1160 fuit
720 1097 1065 1179 explorata,
1112 1095 1223 1158 sed
1265 1098 1483 1159 tamen
1527 1116 1760 1157 navare
1807 1116 2067 1178 operam
2114 1096 2290 1158 vole-

255 1185 431 1269 bam3
486 1185 555 1247 in
609 1184 942 1247 consulatu
995 1204 1147 1246 vero
1204 1182 1394 1266 cupio
1449 1182 1745 1265 equidem
1790 1185 1855 1245 te
1913 1182 2129 1245 minus
2176 1182 2291 1245 ha-

255 1272 407 1335 bere
452 1271 716 1357 negotii,
763 1271 874 1334 sed
916 1272 1185 1335 moleste
1228 1271 1367 1334 fero
1412 1291 1517 1333 me
1563 1270 1888 1333 consulem
1925 1273 2113 1334 tuum
2153 1274 2290 1334 stu·
2319 1289 2374 1327 1⁰

258 1359 435 1423 dium
472 1359 893 1422 adulescentis
927 1358 1342 1443 perspexisse,
1387 1361 1452 1422 te
1487 1380 1721 1440 meum,
1768 1379 1913 1421 cum
1949 1357 2018 1421 id
2054 1359 2292 1421 aetatis

259 1448 406 1529 sim,
464 1447 823 1530 perspicere
876 1468 1009 1510 non
1059 1468 1261 1530 posse.
1355 1444 1482 1509 Sed
1534 1446 1627 1509 ita
1685 1446 1818 1509 fato
1877 1446 2094 1510 nescio
2152 1468 2286 1529 quo

258 1534 603 1619 contigisse
658 1534 965 1617 arbitror,
1021 1538 1094 1597 ut
1146 1533 1271 1598 tibi
1325 1534 1408 1597 ad
1458 1555 1562 1598 me
1617 1534 1973 1597 ornandum
2029 1555 2292 1618 semper

261 1622 447 1685 detur
499 1621 794 1705 facultaS,
850 1621 1013 1685 mihi
1060 1622 1140 1685 ad
1193 1622 1729 1685 remunerandum
1773 1621 1938 1684 nihil
1983 1626 2292 1705 suppetat

255 1714 511 1793 praeter
544 1710 959 1773 voluntatem.
1051 1707 1313 1773 Ornasti
1358 1709 1782 1793 consulatum,
1831 1710 2074 1773 ornasti
2122 1710 2290 1773 redi·
2321 1726 2374 1767 15

256 1801 397 1861 tum
442 1819 683 1882 meum3
741 1797 969 1861 incidit
1022 1818 1237 1860 meum
1291 1801 1544 1880 tempus
1599 1819 1812 1860 rerum
1857 1798 2290 1882 gerendarum

256 1886 326 1949 in
363 1886 574 1969 ipsum
602 1886 1004 1949 consulatum
1040 1888 1241 1949 tuum.
1313 1882 1559 1968 Itaque,
1605 1906 1749 1947 cum
1787 1888 1852 1947 et
1886 1889 1998 1948 tua
2033 1906 2292 1948 summa

260 1974 615 2057 amplitudo
673 1978 738 2037 et
793 1974 1073 2059 dignitas
1119 1977 1184 2036 et
1227 1993 1409 2036 meus
1454 1994 1726 2057 magnus
1769 1972 1978 2036 honos
2022 1995 2290 2059 magna-

260 2083 383 2144 que
438 2061 829 2125 existimatio
887 2060 1212 2145 postulare
1266 2060 1590 2144 videatur,
1647 2064 1722 2123 ut
1775 2082 1813 2123 a
1865 2063 1930 2123 te
1983 2060 2289 2143 plurimis

258 2148 472 2212 verbis
519 2150 898 2212 contendam
944 2170 1018 2211 ac
1061 2151 1305 2231 petam,
1359 2151 1432 2211 ut
1477 2169 1670 2231 quam
1713 2147 2288 2213 honorificentissi-
2318 2168 2374 2207 20

257 2257 437 2299 mum
493 2240 749 2299 senatus
804 2236 1167 2300 consultum
1222 2235 1300 2299 de
1352 2236 1514 2298 meis
1560 2235 1751 2299 rebus
1796 2236 1996 2321 gestis
2043 2237 2289 2301 faciun-

259 2324 412 2386 dum
460 2344 657 2407 cures,
702 2344 834 2387 non
880 2324 1081 2387 audeo
1118 2323 1529 2387 vehementer
1575 2346 1613 2385 a
1656 2327 1720 2387 te
1758 2323 2161 2407 contendere,
2207 2346 2291 2389 ne

258 2415 370 2475 aut
415 2411 551 2493 ipse
596 2414 745 2474 tuae
787 2415 1133 2495 perpetuae
1171 2411 1650 2475 consuetudinis
1695 2432 1848 2498 erga
1891 2433 1995 2475 me
2043 2411 2291 2476 oblitus

262 2520 396 2562 esse
433 2498 653 2562 videar
698 2501 808 2562 aut
852 2501 917 2561 te
965 2499 1241 2563 oblitum
1284 2503 1523 2583 putem.
1618 2497 1844 2583 Quare,
1889 2503 1965 2563 ut
2008 2502 2074 2563 te
2121 2501 2289 2564 velle

258 2587 565 2669 arbitror,
619 2587 713 2650 ita
757 2586 987 2650 faciam
1032 2590 1225 2670 atque
1271 2587 1352 2650 ab
1400 2608 1501 2670 e0,
1557 2608 1748 2669 quem
1795 2608 2014 2650 omnes
2059 2592 2290 2673 gentes
2318 2606 2372 2645 25

258 2675 469 2738 sciunt
517 2638 592 2737 d'e
637 2696 740 2738 me
780 2675 1021 2758 optime
1066 2674 1388 2757 meritum,
1433 2674 1718 2738 breviter
1761 2679 1992 2758 petam.
2057 2673 2127 2740 Si
2175 2676 2292 2739 alii

258 2763 549 2826 consules
585 2766 811 2846 essent,
858 2762 939 2825 ad
983 2766 1048 2825 te
1092 2762 1517 2845 potissimum,
1561 2761 1778 2847 Paule,
1823 2763 2169 2847 mitterem,
2217 2768 2292 2827 ut

258 2871 366 2914 eos
419 2850 583 2914 mihi
630 2872 822 2933 quam
878 2849 1298 2914 amicissimos
1353 2850 1674 2935 redderes3
1728 2872 1925 2935 nunc,
1981 2872 2128 2915 cum
2175 2856 2291 2915 tua

257 2959 507 3001 summa
550 2942 834 3021 potestas
871 2959 1245 3021 summaque
1283 2938 1630 3003 auctoritas
1666 2943 1948 3022 notaque
1987 2939 2290 3003 omnibus

255 3030 478 3090 nostra
512 3026 912 3089 necessitudo
951 3026 1053 3109 sit,
1098 3025 1510 3089 vehementer
1553 3030 1618 3089 te
1655 3048 1835 3112 rogo,
1882 3030 1956 3089 ut
1992 3031 2056 3090 et
2095 3049 2290 3110 quam
2319 3047 2370 3085 3⁰

256 3113 903 3178 honorificentissime
968 3135 1149 3177 cures
1216 3113 1681 3177 decernendum
1743 3115 1819 3179 de
1876 3114 2037 3178 meis
2097 3116 2291 3179 rebus

259 3201 459 3286 gestis
506 3204 571 3265 et
626 3223 818 3285 quam
865 3201 1209 3265 celerrime.
1302 3200 1550 3287 Dignas
1606 3224 1706 3265 res
1753 3224 1888 3266 esse
1931 3202 2180 3267 honore
2227 3206 2292 3266 et

259 3289 693 3373 gratulatione
757 3310 1099 3375 cognosces
1154 3310 1233 3351 ex
1294 3288 1373 3353 iis
1426 3289 1693 3373 litteris,
1752 3312 1911 3373 quas
1967 3291 2049 3353 ad
2106 3295 2171 3355 te
2227 3294 2292 3354 et

261 3376 574 3461 collegam
630 3380 694 3439 et
749 3380 1040 3441 senatum
1085 3375 1343 3459 publice
1387 3377 1552 3440 misi.
1645 3376 2077 3461 Omniumque
2123 3400 2292 3442 mea-

260 3483 404 3525 rum
450 3463 845 3546 reliquarum
882 3484 1097 3528 rerum
1132 3464 1536 3549 maximeque
1574 3466 2068 3530 existimationis
2112 3487 2290 3530 meae
2317 3482 2366 3523 3⁵
