2567 3884
978 140 982 145 '
1037 154 1254 206 LIBER
1291 153 1394 206 xv
1429 159 1480 207 4.
2113 153 2244 217 449

213 295 631 361 incendimus.
722 295 845 359 His
900 296 1092 359 rebus
1146 295 1239 359 ita
1291 295 1492 381 gestis
1547 298 1753 359 castra
1798 294 1868 359 in
1922 295 2246 359 radicibus
2275 306 2350 371 (9)

213 383 453 448 Amani
495 383 841 448 habuimus
888 383 1058 468 apud
1101 382 1267 447 Aras
1304 382 1659 447 Alexandri
1707 383 2135 466 quadriduum
2182 387 2247 447 et

215 473 284 536 in
338 471 631 555 reliquiis
685 471 920 536 Amani
978 471 1261 535 delendis
1321 472 1620 556 agrisque
1675 471 2000 535 vastandis
2009 522 2026 554 ,
2083 492 2245 554 quae

215 581 365 644 pars
411 560 549 623 eius
592 560 833 623 montis
876 581 1055 623 meae
1098 559 1467 643 provinciae
1505 563 1616 642 est,
1663 559 1731 621 id
1765 563 2020 642 tempus
2058 580 2245 621 omne

164 667 189 706 5
217 648 746 731 consumpsimus,
839 647 1161 711 Confectis
1206 647 1309 710 his
1354 647 1545 711 rebus
1593 647 1674 710 ad
1709 647 2017 730 oppidum
2054 645 2244 709 Eleu·
2287 664 2351 712 10

216 736 665 799 therocilicum
740 734 1189 799 Pindenissum
1267 735 1618 799 exercitum
1695 734 1947 798 adduxi.
2059 732 2246 809 Quod

217 845 365 887 cum
413 827 579 887 esset
625 822 936 887 altissimo
984 827 1048 887 et
1101 822 1535 911 munitissimo
1580 823 1724 886 loco
1771 822 1852 885 ab
1897 822 2105 904 iisque
2152 821 2247 884 in-

218 912 563 994 coleretur,
619 911 731 994 qui
775 932 856 974 ne
901 910 1163 996 regibus
1209 911 1469 993 quidem
1516 932 1820 993 umquam
1864 910 2244 993 paruissent,

219 1020 369 1063 cum
424 1002 488 1062 et
545 998 857 1085 fugitivos
915 999 1271 1082 reciperent
1327 1002 1391 1062 et
1448 997 1841 1061 Parthorum
1899 997 2245 1061 adventum

142 1108 192 1146 ιο
220 1087 528 1151 acerrime
574 1089 1043 1170 exspectarent,
1090 1087 1170 1150 ad
1216 1086 1760 1151 existimationem
1805 1085 2060 1169 imperii
2104 1107 2246 1167 per-

217 1175 427 1238 tinere
492 1173 840 1237 arbitratus
912 1196 1055 1237 sum
1119 1174 1540 1258 comprimere
1604 1196 1827 1238 eorum
1898 1174 2245 1256 audaciam,

220 1284 351 1346 quo
396 1262 649 1325 facilius
702 1262 897 1325 etiam
951 1266 1311 1326 ceterorum
1356 1262 1582 1345 animi,
1638 1262 1750 1345 qui
1796 1261 1988 1325 alieni
2035 1264 2245 1324 essent

220 1352 301 1413 ab
358 1350 635 1433 imperio
685 1354 935 1433 nostr0,
990 1350 1458 1436 frangerentur.
1546 1349 1739 1413 Vallo
1795 1353 1859 1413 et
1911 1350 2083 1413 fossa
2128 1348 2247 1412 cir-

220 1438 543 1520 cumdedi,
596 1459 709 1501 sex
763 1437 1038 1503 castellis
1094 1438 1446 1520 castrisque
1498 1437 1797 1501 maximis
1851 1437 2083 1521 saepsi,
2140 1459 2247 1522 ag-

144 1544 195 1583 15
223 1548 408 1612 gere,
481 1526 703 1609 viniis,
774 1526 1064 1589 turribus
1129 1526 1498 1611 oppugnavi
1565 1547 1843 1608 ususque
1905 1525 2248 1589 tormentis

219 1613 473 1697 multis,
517 1614 741 1677 multis
786 1613 1136 1700 sagittariis
1180 1635 1417 1698 magno
1459 1613 1681 1676 labore
1725 1634 1889 1697 mee,
1934 1614 2070 1677 sine
2116 1613 2249 1676 ulla

220 1702 521 1766 molestia
574 1706 912 1785 sumptuve
967 1701 1289 1765 sociorum
1349 1701 1623 1784 septimo
1670 1700 2246 1786 quinquagensimo

222 1790 325 1853 die
362 1811 500 1853 rem
537 1789 800 1873 confeci,
846 1793 919 1853 ut
960 1788 1259 1853 omnibus
1305 1788 1598 1871 partibus
1643 1787 1823 1851 urbis
1871 1787 2246 1851 disturbatis

222 1882 334 1941 aut
378 1877 654 1941 incensis
692 1877 1005 1960 compulsi
1042 1878 1110 1941 in
1154 1879 1541 1961 potestatem
1575 1897 1785 1940 meam
1820 1875 2246 1958 pervenirent.

143 1984 195 2025 80
220 1966 346 2029 His
404 1968 586 2028 erant
644 1965 905 2030 finitimi
966 1965 1109 2049 pari
1167 1964 1401 2029 scelere
1465 1966 1530 2027 et
1593 1963 1856 2027 audacia
1913 1962 2246 2040 Tebarani.

220 2054 329 2118 Ab
375 2053 457 2117 iis
482 2052 879 2127 ⁴Pindenisso
934 2057 1121 2136 capto
1178 2052 1432 2115 obsides
1487 2050 1726 2135 accepi3
1782 2050 2133 2113 exercitum
2179 2049 2247 2112 in

218 2142 496 2211 hiberna
550 2140 793 2226 dimisi3
858 2140 1170 2216 Quintum
1232 2140 1498 2203 fratrem
1560 2137 1823 2223 negotio
1887 2138 2248 2222 praeposui,

220 2235 294 2295 ut
340 2229 410 2293 in
456 2228 613 2292 vicis
659 2232 770 2293 aut
816 2229 1018 2311 captis
1075 2230 1187 2291 aut
1230 2227 1398 2291 male
1451 2226 1693 2310 pacatis
1740 2226 2057 2290 exercitus
2103 2247 2250 2290 con-

219 2318 559 2381 locaretur.

144 2424 195 2463 25
354 2404 548 2469 Nunc
591 2404 786 2469 velim
831 2404 924 2467 sic
966 2403 1091 2467 tibi
1135 2403 1534 2486 persuadeas,
1580 2402 1636 2465 si
1682 2403 1758 2466 de
1802 2402 1884 2465 iis
1931 2402 2123 2466 rebus
2168 2402 2250 2465 ad
2289 2420 2349 2467 11

221 2496 516 2557 senatum
562 2492 835 2555 relatum
880 2490 983 2575 sit,
1027 2512 1130 2554 me
1167 2490 1684 2555 existimaturum
1725 2512 2041 2554 summam
2086 2489 2249 2553 mihi

218 2580 477 2645 laudem
522 2580 862 2662 tributam,
918 2579 973 2641 si
1018 2582 1092 2643 tu
1144 2578 1459 2642 honorem
1512 2600 1730 2642 meum
1775 2578 2092 2642 sententia
2137 2581 2250 2641 tua

220 2667 663 2751 comprobaris
671 2717 689 2751 ,
744 2667 963 2750 idque,
1021 2666 1143 2729 etsi
1187 2666 1428 2730 talibus
1476 2666 1552 2729 de
1598 2665 1789 2729 rebus
1834 2665 2249 2750 gravissimos

218 2756 517 2820 homines
562 2759 627 2819 et
671 2776 901 2841 rogare
945 2754 1149 2818 solere
1195 2757 1259 2817 et
1306 2754 1523 2840 rogari
1568 2754 1728 2836 scio,
1773 2757 1989 2815 tamen
2036 2752 2251 2814 admo-

143 2864 196 2902 30
221 2844 506 2907 nendum
550 2843 768 2927 potius
811 2847 877 2907 te
922 2864 961 2905 a
1003 2864 1107 2906 me
1153 2863 1346 2924 quam
1392 2841 1751 2927 rogandum
1795 2844 1972 2921 puto.
2037 2838 2137 2901 Tu
2184 2860 2250 2903 es

222 2932 397 2995 enim
442 2931 516 3015 is,
561 2932 673 3014 qui
718 2952 821 2995 me
864 2930 997 2995 tuis
1042 2929 1376 2993 sententiis
1421 2928 1789 3011 saepissime
1827 2927 2089 3009 ornasti,
2137 2927 2250 3009 qui

222 3019 545 3102 oratione,
609 3019 722 3102 qui
778 3017 1280 3103 praedicatione,
1342 3016 1454 3099 qui
1508 3014 1775 3079 summis
1827 3013 2127 3078 laudibus
2182 3014 2251 3077 in

220 3111 473 3190 senatu,
525 3107 595 3170 in
650 3106 1059 3171 contionibus
1113 3105 1195 3168 ad
1238 3104 1484 3168 caelum
1531 3101 1845 3186 extulisti3
1903 3102 2083 3165 cuius
2130 3122 2250 3186 ego

220 3216 474 3279 semper
524 3198 706 3258 tanta
760 3216 894 3258 esse
949 3192 1294 3258 verborum
1347 3190 1632 3274 pondera
1683 3189 1934 3273 putavi,
1994 3192 2067 3253 ut
2122 3210 2251 3252 uno

146 3301 199 3341 ³5
225 3284 426 3347 verbo
462 3286 577 3345 tuo
616 3303 761 3346 cum
804 3304 947 3347 mea
989 3280 1177 3344 laude
1214 3279 1556 3343 coniuncto
1595 3276 1812 3341 omnia
1849 3276 2112 3360 adsequi
2149 3299 2252 3340 me

221 3371 601 3455 arbitrarer3
647 3375 713 3435 te
760 3371 1032 3453 denique
1076 3367 1360 3451 memini,
1407 3387 1552 3430 cum
1598 3364 1851 3429 cuidam
1898 3365 2252 3430 clarissimo

222 3464 417 3543 atque
445 3458 692 3542 optimo
721 3459 861 3523 viro
891 3456 1424 3540 supplicationem
1459 3476 1590 3519 non
1619 3454 2004 3538 decerneres,
2044 3453 2253 3518 dicere

330 3570 568 3611 Ciceronis
598 3571 728 3619 epist.
769 3571 806 3611 1.
1865 3563 1933 3611 29
