2567 3884
348 158 482 221 514
1097 152 1607 208 EPISTULARUM

346 300 535 383 Nam,
581 297 754 381 quod
787 297 870 360 ad
903 300 968 361 te
1013 297 1197 381 pueri
1234 296 1371 360 sine
1415 296 1651 360 litteris
1686 299 2015 379 venerunt,
2061 296 2375 379 quoniam

347 388 526 453 vides
570 408 701 450 non
737 385 933 449 fuisse
971 385 1365 449 iracundiam
1404 405 1675 468 causam,
1723 388 1891 448 certe
1937 384 2206 469 pigritia
2241 385 2375 447 fuit

279 494 312 543 3
350 479 417 539 et
460 474 768 559 quaedam
814 473 1068 537 infinita
1101 473 1199 536 vis
1244 473 1653 536 lacrimarum
1698 475 1762 536 et
1809 472 2118 536 dolorum.
2191 471 2379 536 Haec

352 565 491 648 ipsa
543 584 646 626 me
701 582 828 645 quo
881 561 1036 625 fletu
1095 564 1283 644 putas
1339 560 1708 644 scripsisse?
1797 559 2068 644 Eodem,
2126 582 2257 644 quo
2306 564 2377 623 te

350 653 562 738 legere
617 654 784 714 certe
839 650 986 714 scio.
1076 648 1184 712 An
1238 670 1359 734 ego
1417 669 1678 732 possum
1734 650 1843 712 aut
1895 670 2026 712 non
2081 649 2377 736 cogitare
2432 669 2459 708 5

353 738 694 823 aliquando
749 737 825 801 de
878 741 944 801 te
989 739 1101 800 aut
1153 757 1460 820 umquam
1516 737 1651 800 sine
1708 736 1989 800 lacrimis
2035 738 2326 822 cogitare
2341 736 2377 800 ‘P

355 827 516 892 Cum
562 826 732 890 enim
777 828 841 889 te
887 824 1192 909 desidere,
1237 825 1503 888 fratrem
1549 825 1756 888 solum
1805 823 2090 889 desidero
2107 825 2141 888 ‘?
2224 825 2375 911 Ego

354 937 504 980 vero
551 914 862 978 suavitate
906 914 1171 976 fratrem
1223 934 1425 996 prope
1484 912 1838 1013 aequalem,
1894 912 2204 996 obsequio
2250 913 2377 975 fili-

355 1026 465 1068 um
478 1055 497 1088 ,
556 1001 820 1066 consilio
873 1004 1216 1085 parentem.
1310 999 1478 1076 Quid
1530 1000 1692 1063 mihi
1747 1000 1882 1064 sine
1936 1004 2001 1063 te
2060 1022 2375 1084 umquam

355 1096 466 1155 aut
510 1091 634 1153 tibi
688 1090 822 1153 sine
875 1111 978 1152 me
1031 1088 1380 1152 iucundum
1424 1088 1593 1152 fuit?
1684 1086 1878 1171 Quid,
1923 1088 2096 1172 quod
2144 1088 2373 1152 eodem
2402 1112 2450 1150 ιο

355 1184 642 1263 tempore
702 1176 988 1241 desidero
1047 1176 1296 1239 filiam?
1356 1197 1481 1259 qua
1531 1176 1800 1260 pietate,
1859 1197 1983 1259 qua
2036 1176 2373 1277 modestia,

358 1289 484 1352 quo
531 1265 816 1356 ingenio!
863 1264 1144 1350 effigiem
1182 1264 1329 1348 oris,
1374 1264 1703 1348 sermoniS,
1748 1264 1944 1327 animi
1989 1265 2134 1328 mei.
2202 1263 2375 1340 Quid

356 1356 562 1419 filium
598 1353 1117 1418 venustissimum
1160 1316 1447 1435 mihique
1485 1351 1964 1416 dulcissimum?
2018 1374 2212 1435 quem
2250 1374 2373 1439 ego

357 1444 530 1507 ferus
574 1462 649 1504 ac
689 1442 932 1504 ferreus
977 1462 1011 1503 e
1059 1441 1393 1524 complexu
1440 1440 1652 1503 dimisi
1695 1461 1871 1523 me0,
1916 1441 2375 1524 sapientiorem

356 1551 643 1615 puerum,
688 1550 880 1612 quam
915 1528 1170 1613 vellem3
1217 1528 1533 1592 sentiebat
1568 1529 1739 1591 enim
1783 1491 1978 1591 miser
2018 1528 2169 1613 iam,
2216 1529 2375 1613 quid
2401 1553 2451 1592 15
2564 1570 2566 1602 ,

359 1622 669 1704 ageretur.
773 1616 943 1692 Quid
1002 1638 1153 1680 vero
1217 1620 1402 1679 tuum
1463 1616 1700 1700 filium,
1762 1616 2129 1717 imaginem
2172 1620 2373 1700 tuam,

361 1728 550 1790 quem
607 1725 786 1769 meus
842 1703 1062 1768 Cicero
1121 1708 1186 1767 et
1243 1704 1499 1767 amabat
1551 1708 1624 1767 ut
1676 1704 1940 1767 fratrem
1994 1708 2059 1768 et
2110 1704 2246 1768 iam
2301 1709 2373 1769 ut
2564 1692 2566 1743 ⁴

359 1795 668 1859 maiorem
729 1793 993 1857 fratrem
1055 1791 1442 1855 verebatur?
1532 1790 1728 1876 Quid,
1802 1792 1975 1875 quod
2034 1793 2373 1857 mulierem

359 1882 806 1966 miserrimam,
860 1880 1295 1944 fidelissimam
1341 1879 1701 1965 coniugem,
1746 1902 1849 1943 me
1892 1882 2198 1964 prosequi
2242 1903 2374 1945 non

362 1994 504 2036 sum
547 1991 786 2055 passus,
831 1972 904 2032 ut
949 1972 1130 2052 esset,
1175 1990 1337 2052 quae
1382 1968 1683 2051 reliquias
1719 1968 2073 2031 communis
2118 1970 2376 2033 calami-
2400 1996 2445 2034 20

293 2078 326 2124 4
363 2060 532 2143 tatis,
579 2079 943 2123 communes
988 2056 1225 2120 liberos
1270 2056 1599 2119 tueretur?
1664 2054 1788 2119 Sed
1832 2059 2064 2140 tamen,
2110 2078 2374 2142 quoquo

363 2148 554 2210 modo
599 2146 810 2230 potui,
869 2144 1093 2228 scripsi
1147 2147 1211 2208 et
1266 2143 1409 2207 dedi
1463 2143 1709 2208 litteras
1755 2144 1837 2206 ad
1878 2148 1943 2207 te
1986 2143 2376 2247 Philogono,

361 2235 596 2298 liberto
650 2238 791 2317 1110,
850 2254 1006 2316 quas
1060 2232 1246 2296 credo
1302 2231 1425 2295 tibi
1476 2235 1701 2315 postea
1752 2231 2030 2295 redditas
2084 2254 2252 2319 esse3
2308 2235 2375 2297 in

363 2322 597 2406 quibus
641 2322 811 2384 1(16111
846 2325 910 2383 16
952 2320 1180 2383 hortor
1223 2322 1289 2383 et
1332 2341 1511 2405 rogo,
1557 2320 1730 2403 quod
1771 2321 1953 2403 pueri
1998 2320 2123 2384 tibi
2158 2322 2376 2386 verbis

362 2411 522 2474 meis
566 2409 960 2492 nuntiarunt,
1004 2412 1077 2471 111
1111 2408 1385 2471 Romam
1428 2410 1722 2491 protinus
1766 2430 1995 2509 pergas
2036 2413 2101 2472 et
2143 2432 2374 2494 prope·
2398 2430 2445 2469 25

365 2521 481 2562 res.
524 2496 815 2561 Primum
851 2496 1021 2559 enim
1056 2500 1121 2559 te
1155 2495 1474 2579 praesidio
1512 2517 1645 2560 esse
1682 2496 1876 2581 volui,
1920 2496 1976 2559 si
2013 2496 2127 2580 qui
2163 2503 2375 2563 essent

364 2586 638 2669 inimici,
693 2606 966 2668 quorum
1012 2583 1351 2647 crudelitas
1408 2571 1693 2647 nondum
1737 2587 1902 2647 esset
1944 2589 2167 2648 nostra
2215 2588 2373 2651 cala-

364 2676 588 2739 mitate
623 2673 876 2757 satiata3
922 2671 1146 2735 deinde
1184 2692 1558 2757 congressus
1601 2672 1807 2735 nostri
1848 2672 2373 2739 lamentationem

363 2763 693 2847 pertimui3
740 2724 1094 2847 digiessum
1130 2781 1282 2824 vero
1327 2781 1457 2823 non
1501 2760 1791 2824 tulissem
1836 2764 2027 2844 atque
2065 2761 2263 2826 etiam
2306 2764 2373 2827 id

364 2853 602 2936 ipsum,
656 2850 829 2934 quod
880 2852 953 2911 tu
1007 2847 1256 2931 scribiS,
1303 2847 1692 2932 metuebam,
1745 2869 1825 2911 116
1871 2870 1908 2911 a
1952 2869 2055 2912 me
2100 2849 2370 2914 distrahi
2394 2871 2442 2909 so

363 2962 496 3004 non
529 2960 761 3023 posses.
833 2936 956 2999 His
992 2936 1068 3001 de
1105 2936 1309 2999 causis
1351 2936 1477 2999 hoc
1510 2936 1861 2999 maximum
1896 2936 2157 3021 malum,
2203 2940 2373 3021 quod
2563 2936 2564 2942 '

364 3032 428 3091 te
473 3049 604 3091 non
648 3026 798 3109 vidi,
844 3046 971 3108 quo
1016 3023 1181 3087 nihil
1230 3024 1682 3087 amantissimis
1729 3028 1791 3087 et
1837 3024 2370 3090 coniunctissimis

364 3115 672 3179 fratribus
725 3112 1039 3196 acerbiuS,
1098 3111 1392 3175 miserius
1438 3112 1692 3185 videtur
1744 3111 2025 3176 accidere
2069 3115 2370 3199 potuisse,

365 3203 576 3267 minus
613 3202 928 3286 acerbum,
973 3200 1185 3264 minus
1219 3200 1525 3263 miserum
1561 3199 1703 3283 fuit,
1740 3222 1931 3283 quam
1966 3200 2192 3265 fuisset
2229 3224 2367 3266 cum

205 3350 210 3357 .
297 3313 324 3357 5
367 3292 730 3377 congressio
775 3293 915 3352 tum
960 3310 1112 3353 vero
1159 3287 1467 3373 digressio
1514 3291 1746 3352 nostra.
1816 3287 2025 3373 Nunc,
2072 3289 2127 3353 si
2171 3294 2365 3374 potes,
2388 3307 2436 3348 ³5

367 3379 433 3442 id
479 3379 650 3462 quod
694 3399 814 3463 ego
822 3428 842 3460 ,
887 3377 998 3460 qui
1043 3376 1165 3439 tibi
1211 3397 1461 3459 semper
1503 3376 1692 3439 fortis
1734 3376 2011 3461 videbar,
2058 3398 2191 3441 non
2230 3400 2365 3462 pos-

367 3487 534 3550 sum,
589 3466 761 3550 erige
806 3469 870 3528 te
917 3467 981 3529 et
1027 3464 1357 3548 confirma,
1404 3463 1457 3526 si
1504 3486 1629 3547 qua
1674 3463 2003 3529 subeunda
2046 3464 2361 3531 dimicatio
