2567 3884
355 166 480 229 156
1105 162 1623 216 EPISTULARUM

345 312 479 393 tuo,
524 311 737 371 totum
782 327 884 370 me
929 305 1204 390 patefeci
1251 308 1316 368 et
1358 304 1571 367 haec‘
1553 303 1634 367 113
1672 302 1945 389 3111811113
1992 325 2178 387 saepe
2218 303 2373 389 dixi,

346 416 744 480 quacumque
789 416 858 459 re
902 416 1174 478 possem,
1219 414 1323 455 me
1367 392 1493 456 tibi
1538 395 1603 455 et
1646 391 1870 455 liberis
1913 391 2045 455 tuis
2090 391 2245 455 satis
2281 392 2373 456 fa-

346 505 485 547 cere
532 504 778 567 cupere,
823 481 1017 566 idque
1060 484 1134 545 tu
1181 481 1262 544 ad
1306 484 1453 543 tuos
1498 479 1694 543 velim
1738 479 1997 564 scribae,
2040 480 2199 543 haec
2234 480 2373 563 qui-

347 572 490 635 dem
551 574 746 655 certe,
806 591 968 654 quae
1022 569 1092 632 in
1153 572 1473 652 potestate
1527 590 1669 631 mea
1724 570 1899 651 sunt,
1959 571 2033 631 ut
2091 588 2371 653 operam,

346 659 710 743 consilium,
765 680 926 741 rem,
979 657 1173 720 fidem
1226 678 1437 720 meam
1482 655 1609 719 sibi
1654 655 1736 718 ad
1781 677 1999 719 omnes
2044 677 2144 719 res
2188 678 2372 739 para·
2430 674 2464 714 5

345 751 478 810 tam
523 748 773 830 putent.
863 709 934 810 Si
989 744 1370 809 auctoritate
1425 747 1489 807 et
1544 743 1754 829 gratia
1798 747 2052 807 tantum
2094 764 2371 827 possem,

347 839 660 919 quantum
713 834 782 897 in
828 854 902 897 03
946 855 1015 897 10
1060 856 1120 917 p.
1108 882 1148 919 .,
1204 833 1280 896 de
1327 853 1454 915 qua
1506 832 1598 895 ita
1642 830 1911 895 meritus
1956 853 2125 916 sum,
2180 853 2371 932 posse

347 924 670 1007 deberem,
733 924 806 985 tu
861 942 1116 1005 quoque
1171 920 1226 984 is
1280 942 1475 1004 03303,
1540 920 1652 1003 qui
1710 919 1920 1004 fuisti,
1984 940 2129 983 cum
2191 920 2370 983 omni

348 1011 553 1097 gradu
608 1009 1004 1109 amplissimo
1064 1007 1479 1109 dignissimus
1536 1011 1679 1071 tum
1738 1010 1907 1071 certe
1967 1007 2209 1072 ordinis
2269 1007 2370 1070 tui

344 1099 531 1162 facile
575 1098 888 1181 princeps.
981 1095 1123 1182 Sed,
1170 1096 1474 1180 quoniam
1520 1096 1743 1159 eodem
1788 1099 2076 1179 tempore
2122 1095 2371 1159 eadem-
2400 1114 2464 1153 10

346 1208 470 1270 que
508 1187 584 1249 de
622 1206 810 1249 causa
843 1188 1138 1248 nostrum
1174 1188 1443 1268 uterque
1481 1183 1727 1267 cecidit,
1772 1183 1897 1246 tibi
1933 1187 1999 1247 et
2034 1183 2145 1247 illa
2179 1183 2372 1266 polli-

345 1296 518 1359 ceor,
564 1295 726 1357 quae
771 1295 964 1357 supra
1009 1272 1260 1357 scripsi,
1307 1294 1469 1356 quae
1515 1275 1665 1335 sunt
1711 1271 1917 1335 adhuc
1960 1293 2120 1355 mea,
2166 1274 2231 1336 et
2277 1292 2369 1355 03,

345 1383 507 1446 quae
560 1365 889 1445 praeterea
942 1360 1163 1425 videor
1218 1360 1383 1424 mihi
1442 1381 1521 1424 ex
1579 1360 1794 1443 aliqua
1849 1362 2033 1443 parte
2091 1359 2369 1423 retinere

344 1454 675 1549 tamquam
720 1471 799 1513 ex
844 1447 1134 1533 reliquiis
1169 1448 1479 1532 pristinae
1516 1447 1867 1533 dignitatis.
1930 1446 2159 1531 Neque
2195 1446 2370 1510 enim

343 1538 480 1621 ipse
529 1535 775 1621 Caesar,
819 1540 894 1600 ut
938 1537 1160 1601 multis
1204 1537 1396 1600 rebus
1431 1536 1803 1621 intellegere
1837 1535 2041 1619 potui,
2087 1538 2183 1599 est
2218 1534 2369 1597 alie-
2397 1550 2457 1591 15

343 1646 466 1689 nus
520 1647 558 1688 a
610 1588 826 1709 nobis,
885 1628 950 1689 et
1010 1646 1229 1688 omnes
1288 1625 1421 1688 fere
1479 1623 1963 1687 familiarissimi
2022 1622 2157 1687 01113
2216 1642 2368 1686 03311

348 1712 626 1776 devincti
678 1712 930 1799 magnis
983 1713 1145 1777 meis
1198 1712 1525 1776 veteribus
1580 1712 1811 1776 officiis
1864 1732 1969 1777 me
2023 1710 2370 1796 diligenter

348 1801 694 1866 observant
747 1805 812 1865 et
867 1801 1102 1864 colunt.
1189 1798 1442 1884 Itaque,
1504 1800 1559 1863 31
1613 1799 1724 1883 qui
1777 1798 1940 1862 mihi
1986 1798 2109 1862 erit
2154 1799 2369 1862 aditus

346 1890 423 1953 de
476 1889 607 1953 tuis
661 1889 966 1973 fortuniS,
1020 1889 1089 1951 id
1141 1892 1238 1952 est
1294 1889 1370 1951 de
1424 1892 1537 1951 tua
1572 1887 2056 1971 incolumitate,
2115 1886 2184 1949 in
2240 1907 2371 1970 qua

345 1981 494 2041 sunt
553 1978 797 2061 omnia,
860 1976 1116 2062 agendi,
1177 1975 1352 2060 quod
1408 1976 1669 2059 quidem
1732 1974 1965 2039 cotidie
2022 1974 2231 2060 1113813
2286 1996 2367 2038 ex
2394 1991 2453 2030 2⁰

344 2086 568 2130 eorum
621 2065 1022 2129 sermonibus
1076 2064 1357 2128 adducor
1409 2067 1483 2127 ut
1536 2084 1811 2148 sperem,
1871 2084 2059 2148 agam
2101 2084 2219 2145 per
2261 2083 2367 2125 me

343 2153 480 2237 ipse
518 2157 581 2216 et
613 2153 860 2216 moliar.
953 2151 1222 2237 Singula
1264 2152 1562 2235 persequi
1598 2172 1729 2215 non
1766 2153 1863 2215 est
1896 2171 2180 2235 1100033ος
2226 2149 2368 2213 uni-

343 2262 599 2303 versum
644 2241 930 2304 studium
973 2262 1188 2303 meum
1234 2244 1300 2303 et
1345 2239 1856 2302 benevolentiam
1902 2238 1983 2301 ad
2024 2241 2092 2301 te
2129 2237 2365 2301 defero.

345 2327 473 2392 Sed
525 2328 745 2413 magni
798 2350 942 2391 mea
994 2328 1260 2391 interest
1312 2327 1438 2390 hoc
1490 2331 1639 2390 tuos
1694 2326 1901 2390 01111113
1948 2326 2135 2409 scire,
2191 2326 2369 2408 quod

342 2415 472 2478 tuis
516 2416 753 2479 litteris
796 2416 938 2479 fieri
983 2419 1197 2499 potest
1231 2418 1307 2478 ut
1341 2414 1737 2501 intellegant,
1785 2414 1999 2477 omnia
2037 2411 2367 2477 Ciceronis
2396 2428 2451 2469 25

340 2507 560 2587 patere
606 2502 941 2567 Trebiano,
1030 2502 1175 2567 Hoc
1219 2525 1295 2567 eo
1340 2503 1638 2587 pertinet,
1684 2506 1759 2565 ut
1792 2502 1959 2565 1111111
1995 2500 2368 2565 existiment

343 2612 479 2655 esse
532 2595 667 2655 tam
728 2592 1020 2676 difficile,
1079 2591 1253 2675 quod
1304 2612 1436 2654 non
1493 2613 1613 2674 pro
1668 2594 1733 2653 te
1788 2589 1952 2653 mihi
1997 2592 2369 2673 susceptum

342 2680 693 2743 iucundum
739 2679 825 2744 sit
868 2680 1176 2744 futurum.

472 2852 685 2917 Antea
736 2854 1052 2918 misissem
1105 2854 1187 2916 ad
1229 2857 1297 2917 te
1347 2853 1625 2937 litteras,
1684 2852 1741 2915 si
1794 2873 1996 2938 genus
2042 2852 2368 2916 scribendi

340 2942 721 3027 invenirem3
778 2942 896 3005 tali
941 2943 1113 3005 enim
1157 2946 1447 3023 tempore
1492 2945 1604 3005 aut
1650 2940 1965 3004 consolari
2011 2939 2368 3003 amicorum
2394 2952 2453 2997 so

341 3033 438 3092 est
495 3034 607 3093 aut
658 3029 967 3113 polliceri.
1059 3028 1512 3093 Consolatione
1564 3050 1696 3092 non
1749 3028 2004 3113 utebar,
2058 3027 2233 3112 quod
2286 3049 2369 3091 ex

339 3117 563 3180 multis
628 3118 994 3201 audiebam,
1069 3139 1262 3201 quam
1334 3118 1593 3181 fortiter
1654 3116 2100 3199 sapienterque
2163 3116 2369 3179 ferres

339 3204 643 3269 iniuriam
696 3209 1088 3289 temporum,
1150 3226 1469 3289 quamque
1514 3209 1579 3268 te
1624 3205 2035 3269 vehementer
2080 3202 2369 3267 consola-

338 3295 518 3356 retur
544 3294 932 3357 conscientia
958 3294 1276 3357 factorum
1305 3296 1370 3356 et
1398 3292 1813 3356 consiliorum
1838 3296 2116 3355 tuorum.
2177 3289 2369 3366 Quod

341 3379 599 3462 quidem
645 3381 701 3443 si
745 3381 928 3466 facis,
983 3403 1293 3467 magnum
1346 3381 1628 3444 fructum
1684 3380 2045 3443 studiorum
2093 3378 2367 3462 optimo-
2393 3394 2449 3435 ³5

339 3488 483 3529 rum
545 3468 746 3553 capiS,
806 3469 876 3532 in
931 3469 1166 3552 quibus
1219 3472 1285 3532 te
1340 3490 1590 3552 semper
1644 3468 1775 3531 scio
1831 3488 1966 3531 esse
2022 3469 2367 3551 versatum,
