2567 3884
830 173 1047 227 LIBER
1082 174 1212 227 XIII
1248 178 1478 227 43—47.
2059 174 2194 238 403

139 316 270 385 tibi
320 316 706 380 commendo
751 338 885 379 non
919 317 1169 380 minore
1207 315 1441 400 studiO,
1488 338 1683 399 quam
1720 317 1775 380 si
1811 338 1950 381 rem
1985 339 2196 381 meam

142 404 689 468 commendarem.
783 403 891 467 Sic
945 405 1115 468 enim
1173 404 1501 467 existimes
1554 404 1776 489 velim,
1830 404 1994 468 mihi
2049 426 2197 469 cum

143 513 221 555 eo
268 513 411 556 non
466 491 661 556 modo
709 492 1097 556 cotidianam
1153 491 1679 556 consuetudinem
1741 513 2058 556 summam
2101 493 2197 555 in-

142 581 511 665 tercedere,
573 580 686 643 sed
744 580 939 643 etiam
1001 580 1215 644 officia
1273 602 1510 666 magna
1570 583 1634 643 et
1692 583 1918 644 mutua
1974 582 2198 644 nostra

69 684 95 722 5
145 669 323 733 inter
379 690 503 732 nos
559 688 710 732 esse.
803 667 1011 745 Quam
1068 668 1151 732 ob
1209 690 1346 731 rem
1406 667 1602 732 etiam
1661 672 1853 752 atque
1909 668 2106 731 etiam
2160 689 2199 731 a

144 760 210 820 te
264 760 457 841 pet0,
518 759 592 821 ut
648 777 861 842 cures,
921 759 995 821 ut
1049 756 1387 843 intellegat
1441 778 1544 820 me
1600 755 1681 818 ad
1732 759 1799 820 te
1854 756 2009 820 satis
2057 755 2200 818 dili-

144 849 384 931 genter
440 844 797 929 scripsisse3
851 866 1003 908 nam
1050 844 1126 908 de
1180 848 1296 907 tua
1341 867 1494 930 erga
1539 866 1642 907 me
1687 845 2020 908 voluntate
2065 864 2200 907 non

146 933 517 1085 qualiitabat.
607 929 686 996 Id
738 936 813 996 ut
866 933 1061 996 facias
1070 983 1089 1016 ,
1147 936 1212 996 te
1268 933 1465 997 etiam
1520 936 1712 1016 atque
1767 933 1962 996 etiam
2016 952 2197 1018 rogo,

280 1044 335 1086 e.

73 1196 123 1234 10
1060 1176 1291 1241 XLVI.

509 1299 625 1355 Ser.
663 1299 873 1353 Romae
908 1298 1022 1353 eod.
1059 1298 1173 1365 fere
1207 1315 1359 1353 mo
1397 1315 1503 1368 quo
1539 1316 1620 1369 ep.
1663 1299 1849 1354 XLV.

808 1419 1064 1475 CICERO
1102 1420 1463 1476 APPULEIO
1503 1422 1554 1477 S.

286 1546 365 1612 L.
410 1546 683 1612 Nostius
737 1546 958 1610 Zoilus
1013 1549 1111 1609 est
1166 1546 1428 1611 coheres
1482 1570 1690 1632 meuS,
1750 1548 1937 1613 heres
1983 1551 2201 1612 autem

152 1636 420 1719 patroni
467 1636 584 1700 sui.
674 1634 773 1698 Ea
818 1656 887 1698 re
933 1637 1279 1718 utrumque
1327 1635 1571 1719 scripsi,
1619 1639 1692 1699 ut
1738 1640 1803 1699 et
1847 1636 2012 1700 mihi
2055 1657 2201 1700 cum

78 1738 127 1777 15
152 1724 270 1789 illo
321 1745 580 1787 causam
626 1722 944 1787 amicitiae
1001 1722 1195 1786 scires
1241 1743 1379 1785 esse
1425 1726 1491 1787 et
1545 1723 1877 1787 hominem
1920 1724 2200 1807 probum

155 1813 590 1897 existimares,
651 1811 764 1895 qui
820 1811 1080 1896 patroni
1138 1810 1380 1874 iudicio
1436 1815 1700 1874 ornatus
1755 1815 1938 1875 esset.
2028 1811 2200 1876 Eum

153 1901 280 1966 tibi
338 1900 545 1987 igitur
604 1900 696 1963 sic
749 1898 1126 1963 commendo
1187 1902 1261 1961 ut
1321 1919 1522 1961 unum
1578 1920 1656 1962 ex
1711 1903 1934 1963 nostra
1988 1899 2198 1963 domo.

155 1987 367 2053 Valde
413 1987 578 2051 mihi
621 1990 883 2074 gratum
929 1987 1069 2071 erit,
1117 1986 1173 2049 si
1219 1986 1488 2070 curariS,
1533 1989 1607 2049 ut
1653 1986 1989 2072 intellegat
2033 1986 2202 2049 hanc

157 2075 785 2141 commendationem
823 2075 950 2139 sibi
986 2074 1158 2159 apud
1192 2077 1258 2137 te
1301 2096 1537 2162 magno
1576 2074 1948 2138 adiumento
1983 2074 2200 2139 fuisse.

84 2320 133 2359 20
1046 2301 1310 2367 XLVII.

267 2425 409 2493 Ser„
443 2431 508 2480 ut
540 2425 774 2491 videtvr,
818 2423 979 2478 Tarsi
1014 2439 1097 2477 ex.
1136 2441 1189 2477 a.
1229 2426 1341 2477 703
1382 2426 1500 2491 (51)
1545 2431 1647 2480 aut
1681 2427 1760 2479 in.
1802 2426 1913 2479 704
1952 2428 2092 2493 (50).

902 2544 1161 2601 CICERO
1201 2544 1384 2599 SILIO
1425 2544 1477 2599 S.

294 2690 470 2768 Quid
505 2711 626 2776 ego
671 2689 796 2753 tibi
834 2688 1275 2753 commendem
1313 2711 1479 2775 eum,
1527 2712 1717 2775 quem
1763 2694 1838 2754 tu
1883 2689 2021 2774 ipse
2061 2688 2202 2752 dili-

157 2781 307 2866 gis‘?
356 2778 486 2843 Sed
529 2782 763 2861 tamen,
808 2781 882 2842 ut
928 2777 1122 2841 scires
1160 2798 1310 2842 eum
1355 2800 1393 2842 a
1428 2800 1531 2842 me
1577 2800 1710 2842 non
1749 2777 1934 2862 diligi
1973 2776 2202 2861 solum,

85 2883 133 2923 25
158 2889 389 2933 verum
453 2866 649 2932 etiam
712 2864 939 2948 amari,
1006 2864 1089 2928 ob
1154 2886 1296 2930 eam
1360 2888 1498 2930 rem
1560 2867 1684 2930 tibi
1747 2865 1906 2928 haec
1969 2864 2200 2928 scrib0.

159 2954 470 3021 Omnium
523 2958 787 3019 tuorum
832 2952 1222 3038 officiorum,
1284 2976 1447 3037 quae
1494 2957 1558 3017 et
1603 2954 1808 3018 multa
1855 2955 1921 3017 et
1965 2973 2204 3037 magna

158 3048 339 3129 sunt,
392 3042 557 3107 mihi
609 3042 1051 3129 gratissimum
1104 3041 1328 3126 fuerit,
1387 3042 1444 3105 si
1496 3041 1591 3105 ita
1643 3039 1940 3105 tractaris
1986 3038 2202 3125 Egna-

156 3134 346 3217 tium,
392 3134 466 3193 ut
512 3131 746 3194 sentiat
793 3134 858 3193 et
904 3151 970 3193 se
1007 3151 1045 3193 a
1079 3151 1183 3193 me
1230 3133 1295 3192 et
1341 3150 1444 3193 me
1483 3151 1522 3193 a
1556 3133 1622 3193 te
1659 3128 1877 3193 amari.
1952 3126 2098 3191 Hoc
2133 3132 2200 3192 te

157 3221 573 3286 vehementer
626 3219 822 3282 etiam
882 3220 1073 3301 atque
1130 3217 1326 3281 etiam
1380 3237 1558 3302 rogo,
1648 3214 1772 3280 Ina
1814 3218 2038 3279 nostra
2084 3216 2202 3279 sci-

86 3324 132 3366 80
156 3311 311 3373 licet
366 3307 747 3371 ceciderunt.
836 3304 1117 3371 Utamur
1170 3305 1376 3391 igitur
1429 3304 1683 3390 vulgari
1731 3302 2202 3369 consolatione:

158 3396 373 3481 ‘Quid⁷
420 3395 475 3459 si
519 3394 646 3458 hoc
689 3394 997 3458 melius‘?'
1090 3391 1215 3456 Sed
1250 3393 1411 3456 haec
1447 3413 1678 3457 coram.
1724 3391 1824 3455 Tu
1860 3392 1978 3476 fac,
2027 3392 2203 3475 quod

156 3486 334 3570 faciS,
380 3487 456 3547 ut
500 3504 603 3546 me
650 3503 825 3546 ames
869 3485 1062 3564 teque
1109 3481 1313 3544 amari
1358 3502 1396 3544 a
1441 3502 1544 3544 me
1592 3481 1769 3545 scias.

1765 3584 1870 3635 26*
