2567 3884
289 169 417 234 170
1047 168 1563 224 EPISTULARUM

286 312 473 377 liciae
518 333 669 376 vero
715 315 881 396 tuae,
927 315 1148 376 noster
1189 311 1503 395 Aesopus,
1548 311 1685 376 eius
1729 311 1907 375 modi
1951 311 2093 395 fuit,
2138 314 2212 375 ut
2258 311 2319 375 ei

288 401 575 465 desinere
633 422 750 484 per
807 401 1018 464 omnis
1081 401 1377 464 homines
1439 401 1677 464 liceret.
1767 398 1833 463 Is
1896 400 2107 464 iurare
2171 421 2319 464 cum

288 489 626 574 coepisset,
688 510 817 552 vox
875 510 1022 553 eum
1079 489 1311 553 defecit
1364 488 1433 551 in
1490 489 1605 552 illo
1657 488 1828 553 loco:
1893 485 2005 551 ‘Si
2070 487 2317 552 sciens

285 577 526 642 fallo'.
619 575 789 652 Quid
842 577 965 641 tibi
1021 599 1141 663 ego
1197 577 1325 640 alia
1376 576 1674 640 narrem?
1737 576 1912 640 nosti
1957 575 2129 640 0111111
2173 576 2317 640 reli-

288 687 452 749 quos
497 664 710 749 111ᾶοος
758 664 870 748 qui
913 687 994 729 ne
1041 665 1109 728 id
1145 665 1406 748 quidem
1440 665 1680 749 leporis
1714 663 2097 748 habuerunt,
2145 664 2318 748 quod
2372 680 2400 720 5

287 753 498 818 solent
540 753 894 817 mediocres
929 753 1082 817 ludi.
1164 753 1534 837 Apparatus
1570 753 1743 816 enim
1780 753 2089 836 spectatio
2134 752 2319 818 tolle-

288 842 400 906 bat
447 863 703 906 omnem
745 841 1158 924 hilaritatem,
1204 863 1333 925 quo
1371 841 1631 925 quidem
1676 844 1985 925 apparatu
2029 862 2161 905 non
2209 841 2318 904 du-

288 931 430 995 bito
486 930 644 1014 quin
689 930 904 993 animo
965 929 1350 1013 aequissimo
1399 929 1691 993 carueris.
1784 928 1953 1005 Quid
1998 929 2170 992 enim
2215 929 2319 993 de-

288 1019 655 1083 lectationis
698 1018 941 1082 habent
995 1017 1266 1082 sescenti
1310 1017 1472 1081 muli
1516 1018 1587 1081 in
1633 1018 1652 1047 (
1667 1015 2159 1100 Clytaemestra'
2206 1021 2318 1080 aut

289 1108 360 1171 in
417 1106 637 1191 ‘Equo
683 1105 996 1170 Troiano'
1053 1109 1475 1170 creterrarum
1528 1106 1657 1170 tria
1712 1105 1894 1169 milia
1951 1109 2062 1170 aut
2116 1127 2317 1170 arma-
2346 1124 2401 1163 10

289 1198 438 1258 tura
498 1195 678 1259 varia
737 1195 1063 1278 peditatus
1126 1197 1190 1257 et
1254 1195 1578 1278 equitatus
1639 1194 1710 1258 in
1774 1193 1989 1278 aliqua
2050 1193 2316 1279 pugna?

293 1305 454 1367 quae
488 1283 866 1366 popularem
893 1282 1384 1347 admirationem
1409 1282 1792 1367 habuerunt,
1830 1282 2317 1346 delectationem

291 1371 416 1435 tibi
469 1371 715 1435 nullam
769 1371 1150 1435 attulissent.
1244 1369 1486 1446 Quodsi
1539 1373 1614 1434 tu
1666 1393 1783 1454 per
1835 1392 1945 1435 eos
1990 1371 2125 1434 dies
2170 1391 2317 1454 ope-

291 1482 430 1523 ram
477 1460 708 1524 dedisti
750 1459 1103 1546 Protogeni
1147 1462 1290 1543 tu0,
1348 1459 1499 1523 dum
1551 1458 1746 1522 modo
1791 1458 1847 1522 is
1892 1458 2016 1522 tibi
2062 1458 2318 1542 quidvis

289 1548 508 1632 potius
554 1570 746 1632 quam
792 1548 1114 1612 orationes
1158 1569 1333 1611 meas
1376 1547 1626 1634 legerit,
1671 1568 1752 1610 ne
1785 1550 1860 1610 tu
1904 1547 2079 1611 haud
2120 1546 2317 1631 paulo
2345 1563 2399 1604 15

289 1636 438 1719 plus
496 1658 690 1737 quam
749 1636 1089 1720 quisquam
1151 1639 1447 1699 nostrum
1512 1635 1951 1699 delectationis
2012 1635 2315 1698 habuisti.

289 1723 444 1788 Non
478 1725 650 1788 enim
683 1729 749 1788 te
784 1728 944 1807 puto
985 1723 1261 1788 Graecos
1298 1727 1409 1788 aut
1446 1721 1643 1787 Oscos
1678 1723 1865 1787 ludos
1913 1722 2317 1807 desiderasse,

290 1813 668 1896 praesertim
727 1833 872 1876 cum
927 1810 1125 1876 Oscos
1183 1812 1289 1876 vel
1343 1812 1414 1876 in
1472 1815 1697 1876 senatu
1755 1815 1969 1875 vestro
2030 1815 2317 1895 spectare

289 1901 515 1986 possiS,
562 1900 836 1965 Graecos
880 1900 974 1964 ita
1017 1922 1150 1965 non
1195 1921 1385 1986 ameS,
1429 1904 1504 1963 ut
1546 1922 1628 1964 ne
1674 1899 1755 1963 ad
1789 1899 2010 1964 villam
2056 1899 2318 1983 quidem

291 1993 470 2052 tuam
514 1989 620 2053 via
668 1988 908 2053 Graeca
958 1989 1054 2052 ire
1108 1988 1330 2052 soleas,
1417 1986 1591 2053 Nam
1638 1988 1794 2072 quid
1837 2009 1959 2074 ego
2004 1991 2069 2052 te
2114 1987 2317 2051 athle-
2345 2005 2398 2044 20

290 2081 390 2141 tas
433 2081 656 2160 putem
702 2077 1075 2160 desiderare,
1120 2077 1233 2160 qui
1277 2076 1665 2162 gladiatores
1702 2075 2200 2158 contempseris?
2244 2075 2319 2139 in

292 2165 527 2248 quibus
571 2166 708 2249 ipse
742 2164 1088 2249 Pompeius
1124 2165 1467 2229 confitetur
1502 2187 1568 2229 se
1604 2169 1670 2228 et
1706 2185 1965 2248 operam
2000 2167 2065 2227 et
2102 2165 2317 2228 oleum

289 2253 658 2337 perdidisse.
757 2253 1068 2337 Reliquae
1127 2257 1277 2317 sunt
1330 2253 1701 2317 venationes
1760 2252 1949 2316 binae
2006 2273 2123 2335 per
2179 2251 2317 2315 dies

292 2341 592 2424 quinque,
635 2342 1030 2427 magnificae,
1076 2363 1265 2406 nemo
1311 2345 1536 2427 negat3
1581 2341 1694 2405 sed
1738 2362 1900 2424 quae
1943 2343 2159 2424 potest
2199 2339 2316 2403 ho-

290 2429 452 2493 mini
508 2449 642 2492 esse
693 2429 899 2512 polito
957 2429 1320 2513 delectatio,
1376 2450 1521 2493 cum
1576 2432 1687 2493 aut
1729 2429 1927 2492 homo
1974 2427 2313 2492 inbecillus
2344 2445 2396 2484 2⁵

293 2539 330 2580 a
373 2516 810 2581 valentissima
854 2518 1061 2582 bestia
1103 2517 1402 2602 laniatur,
1447 2521 1559 2581 aut
1593 2517 1917 2601 praeclara
1961 2516 2168 2580 bestia
2211 2537 2316 2580 ve-

289 2605 530 2669 nabulo
574 2606 1169 2670 transverberatur?
1230 2605 1406 2682 Quae
1448 2609 1683 2690 tamen,
1728 2605 1784 2669 si
1828 2604 2103 2669 videnda
2146 2606 2316 2688 sunt,

291 2715 498 2795 saepe
511 2693 757 2780 vidisti3
802 2716 1008 2778 neque
1044 2715 1181 2779 1103,
1227 2694 1339 2778 qui
1372 2693 1531 2758 haec
1558 2697 1935 2778 spectamus,
1972 2693 2317 2777 quicquam

289 2783 444 2846 novi
496 2782 791 2846 vidimus.
881 2781 1228 2846 Extremus
1283 2782 1771 2866 elephantorum
1817 2781 1952 2845 dies
2005 2780 2147 2844 fuit.
2234 2777 2315 2843 In

291 2892 419 2954 quo
479 2870 819 2935 admiratio
875 2893 1124 2972 magna·
1167 2870 1351 2956 vulgi
1408 2874 1600 2954 atque
1657 2869 1916 2955 turbae,
1977 2868 2313 2932 delectatio
2344 2885 2397 2924 ³⁰

289 2958 469 3022 nulla
513 2959 790 3044 exstitit3
838 2959 995 3042 quin
1041 2958 1236 3022 etiam
1279 2958 1719 3022 misericordia
1754 2957 2064 3042 quaedam
2100 2977 2315 3021 conse-

290 3049 498 3110 cutast
541 3049 734 3130 atque
775 3009 999 3130 ’opinio
1046 3048 1182 3110 eius
1233 3046 1438 3130 modi,
1492 3067 1628 3110 esse
1683 3046 2002 3130 quandam
2055 3045 2155 3109 1111
2207 3044 2315 3108 be-

287 3135 433 3199 luae
479 3155 624 3198 cum
669 3156 903 3221 genere
946 3135 1242 3199 humano
1276 3134 1662 3199 societatem.

421 3221 544 3286 His
590 3245 712 3309 ego
757 3227 975 3286 tamen
1022 3223 1246 3287 diebus
1291 3223 1461 3286 ludis
1506 3221 1840 3307 scaenicis,
1883 3243 1966 3286 ne
2010 3221 2178 3284 forte
2223 3219 2315 3283 vi-

289 3310 440 3373 dear
483 3310 608 3374 tibi
660 3332 792 3375 non
844 3311 1038 3376 modo
1085 3311 1336 3396 beatus,
1392 3310 1504 3376 sed
1556 3311 1723 3375 liber
1778 3273 2041 3375 0111111110
2100 3307 2315 3390 fuisse,
2345 3323 2399 3364 ⁸5

290 3397 504 3479 dirupi
547 3419 652 3462 me
696 3421 898 3483 paene
942 3400 1012 3464 in
1047 3399 1286 3463 iudicio
1328 3398 1497 3464 Galli
1536 3397 1781 3484 Canini,
1824 3397 2161 3462 familiaris
2197 3395 2315 3460 tui.

289 3483 531 3560 Quodsi
575 3489 710 3551 tam
754 3487 1009 3552 facilem
1052 3487 1366 3571 populum
1409 3487 1732 3573 haberem,
1784 3509 1977 3571 quam
2020 3483 2316 3569 Aesopus
