2567 3884
293 177 425 242 322
1048 176 1561 232 EPISTULARUM

1207 387 1412 456 XXII.

609 510 726 567 Ser.
763 511 974 568 Romae
1008 528 1053 567 e.
1084 512 1238 581 prid.
1276 513 1367 568 Id.
1413 511 1603 582 Quint.
1641 529 1694 566 a.
1736 514 1842 565 711
1884 513 2023 579 (43).

829 633 906 689 M.
946 633 1203 688 CICERO
1243 633 1297 689 S.
1334 633 1401 688 D.
1440 633 1506 688 D.
1546 631 1810 688 BRUTO.

226 779 254 826 1
433 759 598 825 Cum
642 759 861 845 Appio
910 759 1179 824 Claudio
1228 757 1296 823 O.
1336 759 1378 824 f.
1428 781 1679 824 summa
1720 757 1885 822 mihi
1931 759 2343 824 necessitudo

297 852 396 914 est
440 848 666 913 multis
705 849 841 912 eius
880 847 1114 912 officiis
1151 851 1216 912 et
1251 848 1415 912 meis
1450 847 1697 911 mutuis
1734 847 2101 911 constituta.
2176 846 2343 912 Peto
2397 865 2424 905 5
2553 833 2554 880 ἶ

297 960 336 1002 a
381 941 447 1001 te
491 937 805 1001 maiorem
850 936 920 998 in
964 936 1230 1000 modum
1267 936 1373 1000 vel
1408 935 1834 999 humanitatis
1868 938 2019 999 tuae
2054 935 2160 999 vel
2197 957 2345 1000 mea

299 1046 492 1090 causa
503 1076 521 1109 ,
582 1027 657 1088 ut
701 1046 849 1088 eum
895 1024 1280 1088 auctoritate
1335 1028 1475 1108 tua,
1538 1045 1702 1107 quae
1746 1023 2102 1107 plurimum
2145 1024 2344 1109 valet,

297 1116 747 1178 conservatum
800 1111 976 1176 velis.
1069 1110 1240 1176 Volo
1296 1115 1389 1196 te,
1450 1132 1597 1175 cum
1650 1111 2043 1175 fortissimus
2088 1111 2193 1175 vir
2238 1133 2344 1177 co-

296 1201 520 1288 gnitus
579 1201 667 1264 sis
674 1250 693 1285 ,
754 1199 951 1263 etiam
1005 1199 1577 1264 clementissimum
1632 1199 2005 1264 existimari.
2094 1198 2343 1286 Magno

296 1288 423 1353 tibi
478 1289 604 1352 erit
657 1290 1035 1352 ornamento
1090 1287 1570 1352 nobilissimum
1624 1288 2095 1352 adulescentem
2148 1288 2345 1353 bene-
2372 1307 2423 1346 10

297 1377 447 1440 ficio
492 1380 608 1440 tuo
655 1397 792 1440 esse
837 1376 1113 1460 salvum3
1168 1376 1351 1439 cuius
1397 1375 1659 1459 quidem
1704 1397 1895 1440 causa
1936 1376 2062 1439 hoc
2106 1377 2345 1441 melior

301 1464 492 1528 debet
549 1485 711 1548 esse,
772 1464 947 1547 quod
998 1463 1241 1546 pietate
1298 1464 1610 1528 adductus
1663 1467 1933 1548 propter
1983 1464 2189 1547 patris
2245 1487 2344 1530 re-

228 1571 260 1619 2
301 1551 708 1617 stitutionem
771 1573 839 1615 se
905 1572 1051 1615 cum
1114 1550 1406 1616 Antonio
1470 1550 1823 1616 coniunxit.
1915 1550 2152 1636 Quare,
2217 1554 2343 1618 etsi

298 1640 515 1704 minus
568 1661 787 1704 veram
843 1661 1098 1704 causam
1150 1639 1450 1724 habebis,
1504 1643 1721 1704 tamen
1774 1639 1879 1704 vel
1931 1640 2342 1723 probabilem

299 1727 584 1813 aliquam
625 1727 872 1812 poteris
908 1728 1225 1792 inducere.
1315 1727 1384 1793 N
1384 1732 1535 1792 utus
1569 1732 1721 1792 tuus
1756 1731 1974 1812 potest
2006 1728 2342 1794 hominem
2369 1747 2421 1787 15

301 1837 554 1880 summo
607 1816 752 1880 loco
809 1820 1063 1901 natum,
1121 1837 1375 1880 summo
1430 1815 1693 1902 ingenio
1706 1867 1724 1900 ,
1784 1838 2035 1880 summa
2079 1817 2341 1902 virtute,

302 1904 848 1970 officiosissimum
913 1908 1246 1989 praeterea
1305 1908 1371 1968 et
1436 1904 1881 1990 gratissimum
1948 1904 2342 1970 incolumem

300 1993 370 2058 in
413 1993 674 2058 civitate
720 1993 1013 2057 retinere.
1106 1991 1296 2069 Quod
1340 1995 1413 2056 ut
1458 1993 1673 2077 facias,
1718 1993 1812 2058 ita
1856 2014 1897 2056 a
1937 1995 2004 2056 te
2048 1997 2221 2079 pet0,
2266 1997 2343 2059 ut

299 2081 545 2146 maiore
581 2080 797 2146 studio
832 2080 1122 2168 magisve
1169 2102 1248 2145 ex
1295 2081 1511 2144 animo
1557 2085 1774 2165 petere
1809 2101 1943 2144 non
1985 2081 2249 2165 possim.

1199 2244 1439 2356 X‘XIII'.
2197 2317 2203 2322 ·
2369 2311 2423 2351 20

639 2411 754 2469 Sor.
796 2411 1112 2482 Eporediae
1158 2412 1321 2467 VIII
1346 2411 1422 2466 K.
1459 2413 1590 2468 Im.
1631 2430 1683 2469 a.
1724 2416 1830 2467 711
1872 2415 1993 2482 (43)

776 2550 845 2607 D.
882 2551 1171 2607 BRUTUS
1208 2551 1262 2607 S.
1302 2552 1368 2607 D.
1407 2552 1483 2608 Μ.
1523 2551 1876 2607 CICERONI.

235 2713 263 2761 1
434 2693 576 2760 Nos
632 2695 742 2760 hic
795 2695 1082 2760 valemus
1141 2698 1314 2760 recte
1369 2698 1461 2780 e't,
1526 2716 1655 2780 quo
1713 2694 1947 2760 melius
1998 2695 2343 2780 valeamus,

305 2804 567 2868 operam
615 2783 924 2848 dabimus.
1016 2782 1300 2868 Lepidus
1354 2783 1690 2848 commode
1732 2784 1924 2848 nobis
1967 2784 2207 2848 sentire
2251 2785 2343 2849 vi-

306 2872 508 2936 detur.
601 2869 823 2936 Omni'
854 2871 1089 2936 timore
1150 2872 1444 2956 deposito
1506 2872 1811 2937 debemus
1868 2871 2073 2937 libere
2130 2872 2227 2936 rei
2280 2895 2340 2956 p.
2369 2890 2423 2931 85

304 2960 652 3024 consulere.
745 2958 988 3035 Quodsi
1045 2959 1264 3026 omnia
1319 2963 1532 3024 essent
1577 2959 1811 3045 aliena,
1868 2963 2089 3026 tamen
2130 2960 2343 3026 tribus

303 3047 504 3112 tantis
559 3047 946 3112 exercitibus
999 3048 1283 3132 propriis
1338 3047 1433 3112 rei
1485 3071 1568 3132 p.,
1622 3047 1987 3113 valentibus
2032 3069 2343 3135 magnum

304 3136 593 3199 animum
636 3130 875 3200 habere
923 3135 1228 3223 debebas3
1289 3157 1480 3220 quem
1527 3139 1593 3200 et
1646 3158 1899 3220 semper
1942 3136 2233 3201 habuisti
2279 3139 2345 3200 et

303 3244 477 3288 nunc
520 3223 782 3286 fortuna
828 3223 1170 3288 adiuvante
1217 3245 1453 3310 augere
1498 3227 1701 3307 potes.

234 3327 267 3375 2
440 3310 616 3385 Quae
674 3309 800 3374 tibi
857 3312 1299 3395 superioribus
1355 3311 1593 3375 litteris
1646 3334 1792 3378 mea
1844 3334 2041 3377 manu
2098 3312 2342 3397 scripsi,
2370 3329 2421 3370 ω

304 3398 589 3462 terrendi
643 3398 741 3462 tui
797 3419 986 3462 causa
1037 3399 1335 3463 homines
1378 3400 1697 3464 locuntur.
1792 3399 1864 3466 Si
1908 3402 2165 3466 frenum
2210 3422 2343 3465 mo-

303 3485 644 3569 morderis,
697 3507 983 3571 peream,
1039 3487 1095 3550 si
1148 3490 1215 3550 te
1262 3507 1511 3572 omnes,
1566 3491 1728 3572 quot
1772 3491 1950 3572 sunt,
2006 3492 2343 3554 conantem
