2567 3884
295 183 383 245 90
1051 176 1569 233 EPISTULARUM

295 345 431 388 esse
486 344 796 409 cognom,
854 323 930 386 de
976 322 1057 386 iis
1104 321 1323 405 rebus,
1379 343 1542 405 quae
1594 320 1705 384 hic
1748 322 2087 406 geruntur,
2135 339 2334 402 quem

295 412 377 476 ad
428 413 820 496 modumque
873 431 941 474 se
994 409 1330 495 provincia
1374 409 1637 494 habeat,
1693 408 2032 472 certiorem
2076 406 2333 471 faciam.

210 543 216 548 -
293 499 475 565 Vale.

1256 653 1370 719 VI.

466 777 580 834 Ser.
619 780 684 832 in
719 777 900 832 Attici
938 777 1248 832 Ficuleano
1283 775 1461 830 medio
1498 793 1567 830 m.
1607 775 1747 845 Apr.
1788 793 1839 830 a.
1882 779 1992 830 709
2031 777 2166 843 (45).
2394 797 2422 838 5

741 900 816 956 M.
856 898 1113 954 CICERO
1154 893 1311 954 S.'D.
1353 899 1502 953 SER.
1543 897 1882 954 SULPICIO.

230 1045 258 1094 1
431 1026 576 1113 Ego
629 1047 812 1111 vero,
869 1024 1080 1110 Servi,
1134 1025 1393 1110 vellem,
1448 1028 1523 1089 ut
1568 1025 1823 1109 scribis,
1882 1023 1953 1088 in
1995 1045 2139 1087 meo
2186 1047 2335 1110 gra-

298 1115 562 1180 vissimo
629 1136 778 1178 casu
843 1114 1185 1198 adfuisses3
1251 1117 1565 1197 quantum
1628 1113 1801 1176 enim
1862 1133 2161 1197 praesens
2224 1133 2333 1176 me

298 1203 600 1268 adiuvare
658 1202 946 1286 potueris
1006 1205 1071 1266 et
1130 1202 1518 1265 consolando
1578 1204 1643 1264 et
1700 1222 1902 1284 prope
1962 1221 2161 1284 aeque
2220 1201 2333 1264 do—

297 1291 488 1356 lendo
497 1341 516 1375 ,
575 1290 764 1354 facile
817 1311 897 1353 ex
951 1310 1027 1354 eo
1082 1289 1419 1376 intellego,
1479 1289 1654 1374 quod
1706 1289 1941 1353 litteris
1986 1288 2169 1352 lectis
2216 1287 2331 1352 ali-
2364 1309 2420 1348 10

301 1382 614 1463 quantum
667 1378 982 1462 adquievi.
1071 1377 1243 1442 Nam
1291 1381 1355 1442 et
1401 1398 1475 1442 ea
1518 1376 1862 1462 scripsisti,
1910 1397 2070 1460 quae
2115 1376 2331 1441 levare

298 1469 548 1530 luctum
592 1470 879 1550 possent,
940 1469 1004 1529 et
1059 1466 1128 1529 in
1173 1488 1277 1530 me
1333 1466 1720 1530 consolando
1764 1487 1897 1529 non
1939 1464 2331 1529 mediocrem

301 1556 438 1639 ipse
497 1555 696 1618 animi
757 1555 1044 1619 dolorem
1104 1554 1475 1618 adhibuisti.
1580 1552 1841 1618 Servius
1904 1557 2119 1616 tamen
2177 1555 2331 1616 tuus

304 1643 603 1707 omnibus
663 1643 894 1706 officiis
901 1692 920 1726 ,
985 1664 1162 1743 quae·
1206 1642 1306 1706 illi
1364 1642 1643 1726 tempori
1700 1641 1904 1706 tribui
1961 1644 2333 1726 potuerunt,

305 1731 676 1816 declaravit,
736 1734 800 1795 et
861 1730 1085 1831 quanti
1143 1730 1280 1814 ipse
1335 1752 1439 1794 me
1493 1731 1730 1794 faceret
1784 1733 1849 1793 et
1895 1751 2088 1812 quam
2142 1750 2332 1792 suum
2366 1748 2419 1789 15

301 1820 499 1883 talem
536 1841 689 1905 erga
723 1833 828 1883 me
864 1819 1150 1882 animum
1186 1818 1312 1882 tibi
1346 1822 1605 1904 gratum
1631 1821 1889 1902 putaret
1915 1818 2069 1881 fore.
2132 1815 2333 1880 Cuius

303 1908 520 1972 officia
553 1907 931 1972 iucundiora
965 1906 1211 1970 scilicet
1245 1927 1432 1990 saepe
1467 1906 1631 1970 mihi
1665 1907 1944 1989 fuerunt,
1978 1927 2335 1988 numquam

302 2001 520 2061 tamen
573 1996 875 2082 gratiora.
966 1993 1073 2058 Me
1128 1998 1345 2058 autem
1398 2017 1530 2058 non
1586 1994 1793 2058 oratio
1852 1997 1966 2058 tua
2011 1994 2223 2056 solum
2268 1996 2335 2057 et

303 2084 574 2148 societas
628 2106 829 2168 paene
883 2082 1307 2168 aegritudinis
1314 2133 1333 2167 ,
1388 2083 1499 2146 sed
1552 2083 1746 2147 etiam
1793 2082 2141 2145 auctoritas
2187 2102 2336 2144 con-

305 2172 575 2257 solatur;
637 2177 827 2255 turpe
885 2171 1058 2235 enim
1112 2192 1248 2234 6666
1308 2171 1607 2235 existimo
1659 2192 1765 2234 me
1822 2192 1954 2233 non
2013 2169 2107 2233 ita
2162 2169 2335 2233 ferre
2364 2190 2420 2230 20

306 2281 524 2324 casum
568 2281 810 2343 meum,
870 2262 943 2322 ut
987 2261 1060 2322 tu
1105 2259 1223 2322 tali
1267 2259 1583 2342 sapientia
1626 2258 1953 2342 praeditus
1999 2257 2337 2321 ferendum

305 2350 511 2431 putas.
605 2346 732 2410 Sed
786 2346 1119 2430 opprimor
1172 2346 1497 2410 interdum
1556 2351 1620 2409 et
1674 2346 1785 2410 vix
1830 2345 2059 2409 resisto
2106 2345 2337 2430 dolori,

307 2435 482 2519 quod
540 2456 614 2498 ea
670 2455 774 2499 me
832 2434 1068 2498 solacia
1127 2433 1461 2519 deficiunt,
1523 2456 1685 2518 quae
1741 2435 1967 2498 ceteris
1975 2484 1993 2517 ,
2059 2455 2339 2517 quorum

306 2523 472 2587 mihi
525 2523 817 2606 exempla
869 2544 1189 2607 propon0,
1248 2522 1447 2585 simili
1502 2522 1571 2585 in
1623 2523 1884 2586 fortuna
1936 2542 2068 2585 non
2125 2521 2339 2585 defue—

307 2615 475 2675 runt.
579 2609 750 2675 Nam
815 2614 879 2675 et
939 2609 1010 2686 Q.
1057 2609 1409 2695 Maximus,
1475 2610 1589 2695 qui
1646 2611 1854 2674 filium
1918 2610 2338 2695 consularem,
2367 2629 2422 2670 25

309 2701 553 2764 clarum
611 2699 824 2763 virum
883 2701 947 2762 et
1000 2698 1253 2784 magnis
1314 2699 1505 2762 rebus
1559 2699 1759 2784 gestis
1772 2749 1789 2782 ,
1849 2698 2095 2782 amisit,
2156 2702 2223 2762 et
2265 2698 2338 2763 L.

306 2787 602 2870 Paullus,
662 2787 774 2869 qui
836 2786 961 2849 duo
1007 2790 1292 2876 septem
1328 2786 1584 2870 diebuS,
1644 2790 1709 2850 et
1760 2790 1974 2850 vester
2020 2785 2219 2850 Galus
2274 2790 2343 2850 et

308 2875 395 2939 M.
445 2874 636 2959 Cato,
698 2873 810 2957 qui
868 2895 1120 2938 summo
1176 2875 1469 2961 ingeniO,
1528 2896 1778 2938 summa
1830 2873 2070 2938 virtute
2130 2874 2341 2938 filium

308 2963 607 3048 perdidit,
652 2961 732 3025 iis
768 2963 1169 3046 temporibus
1206 2963 1485 3047 fuerunt,
1522 2966 1595 3026 ut
1632 2985 1854 3026 eorum
1888 2963 2135 3026 luctum
2172 2962 2343 3045 ipso-

309 3074 456 3115 rum
516 3051 796 3137 dignitas
861 3051 1302 3114 consolaretur
1363 3073 1462 3135 ea,
1541 3073 1734 3134 quam
1797 3073 1877 3114 ex
1948 3072 2018 3114 re
2078 3049 2342 3134 publica
2368 3069 2423 3110 ao

241 3155 274 3202 2
311 3139 894 3224 consequebantu13
964 3139 1129 3202 mihi
1192 3142 1408 3202 autem
1471 3138 1723 3202 amissis
1785 3138 2178 3202 ornamentis
2241 3138 2342 3224 iis,

313 3248 476 3309 quae
522 3228 657 3310 ipse
705 3227 1167 3291 commemoras
1174 3277 1191 3309 ,
1249 3247 1539 3309 quaeque
1592 3248 1767 3290 eram
1819 3226 2119 3290 maximis
2164 3227 2343 3291 labo-

311 3313 493 3377 ribus
558 3314 851 3398 adeptuS,
915 3335 1117 3378 unum
1179 3315 1481 3377 manebat
1544 3313 1706 3378 illud
1768 3315 2103 3400 solacium,
2169 3315 2345 3398 quod

314 3404 605 3483 ereptum
643 3406 755 3465 est.
827 3401 982 3466 Non
1017 3401 1372 3466 amicorum
1405 3403 1704 3487 negotiis,
1748 3425 1881 3466 non
1916 3402 2011 3467 rei
2046 3403 2344 3487 publicae

311 3487 763 3574 procuratione
809 3488 1325 3572 impediebantur
1360 3489 1783 3575 cogitationes
1822 3512 2019 3575 meae,
2061 3491 2232 3555 nihil
2276 3492 2345 3556 in
2372 3508 2424 3550 ³5
