2567 3884
604 159 702 211 AD
743 159 982 224 QUINT.
1020 160 1279 216 FRATR.
1318 160 1534 215 LIBER
1568 162 1689 229 1-2,
1728 166 1777 215 3.
2099 160 2229 223 513

205 305 381 365 tores
427 301 738 367 habemus
785 303 1202 367 amicissimos
1250 308 1313 367 et
1369 304 1709 367 acerrimos
1756 304 1949 388 civeS,
2010 303 2230 366 Domi-

205 390 405 474 tium,
462 389 832 476 Nigidium,
892 391 1295 476 Memmium,
1349 391 1725 477 Lentulum3
1784 392 1987 456 bonos
2036 391 2230 455 etiam

207 478 371 541 alios
418 478 787 564 singulares,
881 479 1089 555 Quare
1143 502 1451 565 magnum
1504 480 1605 543 fac
1664 480 1949 543 animum
1992 479 2230 547 habeas

207 570 271 629 et
319 588 498 649 spem
544 565 795 630 bonam.
887 567 983 631 De
1030 568 1303 653 singulis
1352 572 1567 631 tamen
1614 568 1821 653 rebuS,
1867 590 2029 651 quae
2076 568 2232 631 coti-

138 671 174 713 5
207 654 310 717 (116
356 658 686 739 gerantur,
734 655 964 719 faciam
1008 659 1074 719 te
1120 655 1344 719 crebro
1393 657 1745 721 certiorem.

1159 882 1274 948 ΠΙ.

578 1003 691 1059 Ser.
736 1006 1146 1061 Thessalonicae
1181 1006 1268 1059 Id.
1308 1006 1437 1059 lum.
1477 1022 1529 1059 a.
1569 1008 1681 1059 696
1720 1008 1859 1072 (58).

563 1124 854 1179 MARCUS
894 1126 1166 1191 QUINTO
1212 1127 1483 1181 FRATRI
1520 1127 1872 1181 SALUTEM.

341 1269 437 1332 Mi
482 1270 696 1353 frater,
740 1268 832 1332 mi
876 1270 1091 1354 frater,
1136 1270 1226 1333 mi
1272 1271 1498 1355 frater,
1542 1274 1697 1334 tune
1742 1270 1813 1333 id
1855 1270 2097 1335 veritus
2142 1291 2226 1355 eS,

115 1377 178 1415 10
205 1380 289 1421 ne
348 1378 470 1443 ego
529 1320 856 1421 iracundia
912 1358 1126 1441 aliqua
1184 1358 1493 1422 adductus
1551 1372 1783 1442 pueros
1838 1359 1919 1421 ad
1970 1363 2035 1422 te
2091 1358 2227 1421 sine

205 1446 445 1509 litteris
491 1445 775 1509 miserim
821 1449 932 1508 aut
978 1445 1171 1509 etiam
1207 1468 1286 1509 ne
1324 1450 1389 1510 te
1425 1446 1640 1511 videre
1675 1447 2037 1510 noluerim?
2082 1446 2227 1531 Ego

208 1534 334 1597 tibi
369 1534 690 1616 irascerer,
726 1533 850 1596 tibi
887 1555 1006 1619 ego
1041 1555 1298 1635 possem
1333 1534 1565 1598 irasci?
1630 1533 1903 1619 Scilicet,
1947 1538 2020 1597 tu
2058 1536 2228 1598 enim

208 1644 312 1685 me
359 1621 684 1705 adflixisti,
737 1622 834 1684 tui
878 1643 982 1685 me
1035 1622 1309 1706 inimici,
1364 1626 1477 1685 tua
1529 1644 1631 1686 me
1686 1623 1927 1687 invidia
1980 1645 2054 1686 ac
2096 1644 2228 1686 non

209 1732 332 1796 ego
379 1714 444 1773 te
488 1710 716 1773 misere
769 1709 1035 1793 perdidi.
1125 1709 1308 1773 Meus
1366 1710 1479 1773 ille
1520 1711 1815 1774 laudatus
1862 1711 2229 1775 consulatus

123 1815 179 1855 15
208 1798 375 1861 mihi
420 1802 503 1881 te,
546 1798 802 1882 liberOS,
847 1798 1139 1882 patriam,
1185 1799 1493 1882 fortunas,
1539 1798 1662 1861 tibi
1707 1799 1901 1863 velim
1947 1821 2026 1862 ne
2073 1800 2231 1882 q'uid

210 1886 519 1969 eripuerit
563 1890 817 1970 praeter
861 1908 1059 1949 unum
1103 1908 1222 1949 me.
1316 1884 1442 1949 Sed
1484 1891 1651 1950 certe
1698 1910 1733 1950 a
1779 1890 1843 1950 te
1888 1887 2049 1950 1111111
2098 1908 2229 1949 0111-

208 1976 320 2038 nia
374 1996 622 2057 semper
673 1974 942 2037 honesta
997 1979 1060 2038 et
1113 1974 1389 2038 iucunda
1434 1974 1820 2059 ceciderunt,
1876 1998 1913 2037 a
1956 1996 2060 2038 me
2104 1974 2228 2038 tibi

207 2064 424 2127 luctus
467 2084 644 2126 meae
691 2063 1096 2148 calamitatis,
1142 2066 1351 2126 metus
1396 2066 1569 2147 tuae,
1617 2064 2017 2147 desiderium,
2062 2085 2229 2126 mae-

209 2173 346 2236 ror,
403 2151 698 2215 solitudo,
789 2150 933 2237 Ego
987 2155 1052 2214 te
1106 2151 1322 2215 videre
1375 2152 1740 2216 noluerim?
1820 2148 2028 2215 Immo
2074 2173 2227 2216 vero

127 2259 182 2297 20
210 2262 316 2303 me
356 2261 394 2301 a
427 2241 494 2303 te
528 2239 731 2303 videri
765 2240 960 2303 nolui.
1024 2237 1177 2303 Non
1214 2240 1386 2303 enim
1422 2240 1687 2303 vidisses
1724 2241 1989 2303 fratrem
2024 2244 2228 2324 tuum,

209 2350 344 2391 non
390 2349 552 2411 eum,
599 2349 788 2411 quem
835 2328 1198 2411 reliqueras,
1242 2350 1375 2391 non
1412 2350 1573 2412 eum,
1620 2350 1811 2412 quem
1846 2350 2053 2413 noras,
2098 2351 2227 2392 non

211 2438 387 2499 eum,
450 2437 640 2499 quem
702 2416 861 2479 flens
922 2416 1207 2500 flentem,
1270 2420 1760 2516 prosequentem
1822 2418 2229 2501 proficiscens

215 2504 570 2587 dimiseraS,
629 2525 710 2567 ne
754 2503 1099 2589 vestigium
1145 2504 1402 2587 quidem
1449 2505 1583 2568 eius
1637 2527 1754 2569 nec
1800 2506 2226 2589 simulacrum,

212 2592 327 2655 sed
371 2555 688 2675 quandam
734 2592 1015 2677 effigiem
1061 2592 1364 2674 spirantis
1408 2594 1664 2656 mortui.
1729 2590 1944 2677 Atque
1982 2556 2229 2656 utinani

128 2696 182 2736 25
212 2701 318 2743 me
375 2684 703 2743 mortuum
764 2681 942 2763 prius
1002 2679 1268 2743 vidisses
1328 2684 1437 2743 aut
1497 2681 1802 2765 audisses,
1863 2682 2110 2744 utinam
2164 2684 2229 2743 te

213 2789 347 2831 non
383 2768 589 2831 solum
625 2767 810 2851 vitae,
857 2768 970 2831 sed
1005 2768 1198 2831 etiam
1237 2768 1570 2854 dignitatis
1606 2790 1782 2832 meae
1821 2769 2229 2852 superstitem

213 2856 640 2939 reliquissem!
731 2854 856 2919 Sed
900 2859 1102 2919 testor
1140 2878 1359 2919 omnes
1406 2857 1556 2919 deos
1600 2878 1702 2919 me
1745 2856 1867 2920 hac
1911 2879 2039 2919 una
2074 2878 2229 2920 voce

213 2967 253 3009 a
297 2948 503 3007 morte
549 2965 683 3007 esse
727 2947 1111 3028 revocatum,
1158 2944 1332 3027 quod
1369 2965 1585 3007 omnes
1632 2944 1700 3007 in
1744 2966 1886 3007 mea
1920 2946 2054 3007 vita
2089 2967 2229 3028 par-

213 3036 349 3096 tem
402 3032 682 3115 aliquam
735 3036 882 3095 tuae
928 3032 1097 3096 vitae
1152 3032 1499 3116 repositam
1546 3053 1681 3095 esse
1727 3032 2048 3118 dicebant3
2105 3055 2231 3116 qua

128 3139 186 3178 30
213 3143 283 3184 re
327 3120 585 3204 peccavi
630 3120 1054 3203 scelerateque
1092 3120 1230 3183 feci.
1295 3119 1481 3203 Nam,
1530 3120 1584 3182 si
1623 3119 2011 3204 occidissem,
2056 3142 2230 3184 mors

213 3210 355 3293 ipsa
407 3230 614 3271 meam
667 3208 972 3291 pietatem
1027 3229 1436 3291 amoremque
1482 3207 1549 3269 in
1599 3210 1663 3269 te
1709 3207 1894 3271 facile
1943 3208 2231 3271 defende-

213 3300 339 3382 1611,
385 3317 555 3360 1111116
600 3296 922 3379 commisi,
969 3300 1040 3359 ut
1086 3317 1188 3359 me
1234 3296 1384 3360 vivo
1432 3316 1700 3379 careres,
1746 3296 1893 3360 vivo
1940 3318 2041 3359 me
2089 3297 2231 3360 aliis

213 3385 554 3470 indigeres,
597 3406 740 3448 mea
784 3406 912 3447 vox
956 3384 1024 3446 in
1068 3383 1433 3447 domesticis
1477 3383 1778 3466 periculis
1824 3384 2233 3467 potissimum

215 3473 558 3558 occideret,
633 3494 794 3556 quae
869 3494 1051 3555 saepe
1125 3472 1530 3535 alienissimis
1601 3471 1917 3554 praesidio
1991 3473 2232 3536 fuisset.

329 3584 562 3625 Ciceronis
591 3586 723 3633 epist.
762 3586 796 3623 1.
1845 3582 1911 3628 33
