2567 3884
1046 206 1261 263 LIBER
1297 210 1326 263 Ι
1362 218 1411 264 9.
2163 208 2248 273 17

209 336 467 417 occulta
518 374 650 417 non
706 352 1035 418 nullorum
1092 354 1239 418 odia
1294 357 1406 417 aut
1453 353 1726 417 obscura
1771 353 1840 417 in
1883 374 1988 417 me
2035 352 2252 417 studia

210 440 580 528 cernebam3
637 464 788 505 nam
846 462 1053 525 neque
1100 441 1177 505 de
1221 441 1637 506 monimentis
1681 441 1842 505 meis
1888 441 1968 505 ab
2015 442 2094 505 iis
2141 441 2248 504 ad-

210 529 390 593 iutus
436 550 530 614 es,
585 552 623 593 a
669 530 904 614 quibus
959 529 1257 615 debuisti,
1312 551 1520 613 neque
1567 529 1645 594 de
1690 530 1756 595 vi
1801 529 2070 614 nefaria,
2120 552 2247 613 qua

212 638 363 681 cum
408 617 608 681 fratre
654 639 830 682 eram
876 617 1068 682 domo
1114 618 1447 703 expulsus,
1493 638 1702 702 neque
1744 616 2004 681 hercule
2049 617 2119 681 in
2165 618 2245 681 iis

153 722 183 764 5
211 705 374 789 ipsis
428 705 646 791 rebus,
709 727 871 789 quae
931 727 1320 790 quamquam
1378 709 1560 769 erant
1614 706 1779 769 mihi
1831 709 2100 790 propter
2151 706 2245 769 rei

211 792 554 857 familiaris
607 794 946 880 naufragia
997 794 1415 879 necessariae,
1470 797 1688 858 tamen
1741 816 1780 857 a
1831 815 1936 857 me
1990 794 2246 857 minimi

211 880 627 967 putabantur,
672 882 743 946 in
786 882 949 947 meis
994 882 1243 945 damnis
1290 903 1370 946 ex
1407 882 1788 947 auctoritate
1823 884 2081 945 senatus
2117 903 2247 945 sar-

214 969 459 1033 ciendis
515 992 655 1033 eam
700 971 1127 1056 voluntatem,
1183 992 1377 1054 quam
1425 973 1858 1056 expectarem,
1913 970 2246 1054 praestite-

212 1060 384 1121 runt.
477 1057 652 1134 Quae
698 1080 844 1122 cum
888 1058 1171 1123 viderem
1218 1056 1455 1145 (neque
1501 1061 1684 1122 erant
1729 1021 2058 1145 obscura),
2113 1079 2246 1122 non

124 1164 187 1205 16
212 1149 433 1209 tamen
478 1149 613 1210 tam
668 1146 897 1211 acerba
948 1146 1111 1210 mihi
1165 1147 1325 1210 haec
1369 1146 1767 1231 accidebant,
1825 1168 2016 1230 quam
2063 1148 2245 1209 erant

214 1234 331 1297 illa
374 1237 576 1321 grata,
624 1256 785 1318 quae
830 1235 1128 1299 fecerant.
1217 1232 1463 1336 Itaque,
1515 1256 1902 1318 quamquam
1947 1237 2014 1298 et
2056 1233 2245 1297 Pom·
2282 1251 2316 1301 6

212 1321 363 1406 peio
416 1322 769 1407 plurimum
822 1326 888 1387 te
948 1322 1209 1406 quidem
1261 1323 1406 1406 ipso
1459 1323 1898 1407 praedicatore
1952 1343 2027 1385 ac
2079 1325 2243 1386 teste

214 1409 530 1474 debebam
576 1414 641 1474 et
677 1432 824 1476 eum
858 1432 991 1475 non
1028 1411 1238 1475 solum
1274 1410 1604 1497 benefici0,
1650 1410 1762 1475 sed
1796 1432 2013 1477 amore
2049 1402 2246 1475 etiam

214 1502 281 1562 et
316 1502 629 1583 perpetuo
667 1499 945 1581 quodam
981 1499 1221 1563 iudicio
1264 1520 1412 1563 meo
1450 1498 1816 1585 diligebam,
1860 1503 2077 1562 tamen
2112 1519 2245 1562 non

127 1604 185 1645 15
215 1589 523 1671 reputans
530 1638 549 1672 ,
604 1587 762 1671 quid
807 1587 916 1651 ille
961 1588 1180 1672 vellet,
1234 1587 1305 1651 in
1360 1587 1659 1651 omnibus
1702 1586 1864 1651 meis
1909 1586 2245 1650 sententiis

214 1674 295 1738 de
341 1696 413 1739 re
454 1674 715 1759 publica
756 1675 1049 1760 pristinis
1090 1675 1562 1759 permanebam.
1653 1674 1798 1760 Ego
1835 1675 2094 1739 sedente
2131 1673 2242 1738 Gn.

212 1760 559 1848 Pompeio,
616 1784 791 1849 cum,
847 1766 921 1827 ut
972 1763 1263 1827 laudaret
1315 1761 1386 1827 P.
1435 1762 1746 1848 Sestium,
1800 1763 2130 1827 introisset
2175 1763 2244 1826 in

212 1850 462 1935 urbem,
509 1850 900 1935 dixissetque
944 1852 1129 1915 testis
1173 1850 1477 1915 Vatinius
1521 1872 1625 1915 me
1671 1852 1932 1916 fortuna
1987 1854 2054 1915 et
2105 1850 2245 1913 feli-

215 1939 412 2002 citate
450 1936 516 2003 G.
557 1938 844 2003 Caesaris
890 1943 1283 2004 commotum
1321 1940 1420 2003 illi
1457 1939 1733 2003 amicum
1770 1959 1906 2003 esse
1943 1940 2243 2023 coepisse,

126 2044 188 2085 20
216 2026 355 2089 dixi
408 2048 511 2091 me
555 2026 643 2092 M.
688 2026 911 2092 Bibuli
956 2028 1308 2112 fortunam,
1369 2050 1562 2111 quam
1607 2028 1717 2091 ille
1763 2026 2086 2090 adflictam
2129 2048 2245 2110 pu-

210 2117 409 2199 taret,
455 2116 745 2181 omnium
778 2116 1127 2199 triumphis
1160 2116 1577 2199 victoriisque
1621 2116 1938 2178 anteferre
1984 2115 2244 2198 dixique

211 2202 443 2266 eodem
486 2206 649 2267 teste
695 2203 822 2268 6116
866 2203 1011 2267 1666
1056 2203 1315 2268 eosdem
1359 2224 1513 2289 esse,
1559 2203 1671 2286 qui
1715 2202 2025 2267 Bibulum
2069 2203 2244 2267 exire

215 2290 410 2354 domo
461 2291 970 2376 prohibuissent,
1026 2295 1091 2356 et
1145 2292 1259 2375 qui
1310 2312 1414 2355 me
1470 2291 1853 2377 coegissent3
1905 2294 2048 2355 tota
2090 2312 2244 2355 vero

210 2379 641 2465 interrogatio
676 2401 821 2443 mea
854 2380 1021 2443 nihil
1054 2380 1285 2444 habuit
1319 2379 1447 2443 nisi
1480 2379 2041 2463 reprehensionem
2067 2379 2244 2443 illius

125 2482 181 2526 2⁵
208 2466 599 2531 tribunatus,
689 2465 767 2531 In
813 2489 941 2551 quo
990 2468 1205 2532 omnia
1250 2467 1422 2531 dicta
1466 2470 1617 2531 sunt
1657 2467 1958 2532 libertate
2003 2467 2245 2531 animo-

212 2576 343 2639 que
386 2555 670 2620 maximo
726 2556 802 2619 de
847 2556 939 2639 vi,
996 2556 1074 2619 de
1120 2556 1446 2641 auspiciis,
1504 2553 1581 2619 de
1629 2554 1972 2620 donatione
2017 2575 2246 2640 regno-

208 2664 388 2728 rum,
443 2665 651 2727 neque
704 2665 857 2708 vero
910 2645 1033 2708 hac
1084 2642 1154 2708 in
1208 2664 1396 2708 causa
1439 2643 1660 2726 mod0,
1719 2644 1832 2708 sed
1876 2644 2243 2708 constanter

2284 1690 2316 1739 ⁷

209 2752 403 2814 saepe
458 2732 527 2795 in
586 2734 826 2796 senatu.
918 2731 1089 2808 Quin
1143 2732 1339 2797 etiam
1391 2730 1768 2797 Marcellino
1826 2736 1893 2796 et
1935 2730 2240 2813 Philippo
2279 2745 2315 2795 8

210 2819 588 2883 consulibus
630 2819 841 2885 Nonis
886 2818 1223 2905 Aprilibus
1271 2820 1437 2883 mihi
1483 2823 1581 2885 est
1617 2824 1874 2885 senatus
1919 2819 2242 2903 adsensus,

125 2924 183 2965 ⁸⁰
209 2910 289 2972 ut
350 2907 428 2971 de
491 2929 649 2994 agro
710 2906 1035 2992 Campano
1099 2908 1423 2992 frequenti
1485 2912 1712 2973 senatu
1770 2906 1994 2972 Idibus
2050 2905 2243 2969 Maiis

208 2995 578 3060 referretur.
675 2995 854 3061 Num
906 2996 1093 3081 potui
1146 2996 1356 3083 magis
1409 2996 1479 3060 in
1532 3018 1742 3061 arcem
1796 2996 1971 3060 illius
2017 3016 2242 3059 causae

208 3084 515 3148 invadere
569 3087 682 3147 aut
733 3085 942 3171 magis
988 3085 1283 3149 oblivisci
1328 3088 1694 3169 temporum
1736 3105 2054 3168 meorum,
2111 3104 2244 3147 me-

206 3171 477 3236 minisse
523 3172 893 3237 actionum?
972 3172 1114 3237 Hac
1158 3196 1197 3235 a
1238 3194 1344 3237 me
1390 3173 1706 3237 sententia
1755 3172 1925 3235 dicta
1966 3193 2242 3256 magnus

207 3260 577 3325 animorum
612 3264 828 3325 motus
864 3264 963 3325 est
1006 3262 1213 3325 factus
1259 3282 1406 3325 cum
1453 3281 1701 3346 eorum,
1749 3281 2024 3344 quorum
2055 3280 2244 3344 opor-

126 3364 182 3406 36
207 3348 367 3434 tuit,
420 3352 564 3413 tum
616 3348 879 3414 illorum
932 3349 1153 3433 etiam,
1210 3370 1486 3433 quorum
1529 3370 1881 3433 numquam
1926 3351 2237 3431 putaram.

205 3434 384 3501 Nam
436 3436 564 3501 hoc
616 3441 873 3503 senatus
932 3438 1225 3503 consulto
1271 3438 1341 3501 111
1385 3458 1594 3501 11166111
1639 3436 2022 3502 sententiam
2067 3436 2238 3499 facto
2277 3452 2312 3500 9

203 3523 571 3613 Pompeius·
602 3546 749 3590 cum
792 3526 957 3592 mihi
1000 3526 1168 3591 nihil
1212 3526 1596 3589 ostendisset
1631 3547 1699 3591 se
1735 3546 1871 3590 esse
1909 3525 2239 3608 offensum,

314 3638 552 3679 Ciceronis
568 3628 713 3688 epist.
740 3640 779 3681 1.
1880 3634 1912 3683 2
