2567 3884
1022 190 1238 244 LIBER
1273 190 1405 244 VIII
1443 196 1599 247 2—4.
2172 190 2305 255 205

278 334 629 418 σύνταγμα
675 333 1052 398 conscribas,
1127 332 1276 410 ‘Qui
1312 334 1437 399 tibi
1474 334 1681 418 istuc',
1726 333 1958 418 inquis,
2006 335 2097 398 ‘in
2132 356 2307 399 men-

286 425 420 486 tem
447 422 641 505 venit,
666 421 916 485 homini
943 443 1074 485 non
1101 422 1396 506 inepto?'
1443 420 1789 507 †Aliquod
1816 443 1895 485 ex
1920 425 2056 487 tam
2082 423 2305 487 multis

288 510 418 574 tuis
476 472 888 574 monimentis
947 514 1162 573 extare
1175 561 1193 594 ,
1257 510 1433 594 quod
1488 514 1745 575 nostrae
1803 510 2121 574 amicitiae
2178 532 2307 573 me-

287 598 562 662 moriam
619 598 892 699 posteris
951 620 1205 685 quoque
1263 598 1511 683 prodat
1618 597 1813 663 Cuius
1872 598 2049 663 modi
2092 598 2305 682 velim,

231 704 261 745 5
288 690 466 771 puto,
513 686 779 787 quaeris.
852 685 950 750 Tu
987 686 1192 771 citius,
1240 687 1351 770 qui
1388 708 1645 751 omnem
1679 686 1851 750 nosti
1889 686 2307 770 disciplinam,

290 775 465 858 quod
489 774 766 838 maxime
795 775 1108 858 convenit,
1145 738 1559 860 e'xcogitabis,
1596 795 1829 862 genere
1864 778 2097 859 tamen,
2135 773 2308 859 quod

291 867 358 926 et
401 863 483 925 ad
521 883 640 927 nos
693 862 1011 947 pertineat
1056 866 1120 925 et
1165 864 1599 929 διδασκαλίαν
1646 862 1995 948 quandam,
2053 866 2127 927 ut
2171 884 2309 927 ver-

291 953 467 1015 setur
510 950 680 1015 inter
723 972 950 1015 manus
957 1002 976 1035 ,
1021 950 1272 1015 habeat.

1244 1177 1359 1243 IV.

210 1322 264 1361 10
779 1298 891 1354 Sor.
931 1299 1136 1355 Romae
1173 1298 1248 1353 K.
1288 1299 1432 1355 Sext.
1472 1279 1522 1354 a.
1562 1302 1672 1354 ¹703
1712 1302 1849 1368 (51).

911 1420 1208 1476 CAELIUS
1247 1420 1585 1476 CICERONI
1626 1422 1677 1477 S.

423 1561 688 1628 Invideo
731 1564 886 1649 tibi3
931 1568 1066 1628 tam
1099 1566 1306 1629 multa
1344 1565 1595 1648 cotidie,
1642 1585 1805 1648 quae
1847 1565 2098 1650 mirere,
2144 1566 2309 1630 istoc

292 1653 725 1737 perferuntur,
770 1653 1052 1737 primum
1097 1654 1276 1738 illud,
1322 1653 1691 1717 absolutum
1735 1652 2099 1738 Messalam,
2139 1653 2310 1718 dein-

295 1740 372 1804 de
427 1740 696 1804 eundem
749 1741 1265 1826 condemnatum,
1328 1740 1394 1805 G.
1449 1740 1824 1805 Marcellum
1880 1763 2003 1807 cos.
2050 1744 2309 1826 factum,

213 1847 266 1887 15
293 1828 380 1892 M.
430 1826 747 1892 Calidium
801 1829 880 1892 ab
937 1829 1189 1913 repulsa
1240 1829 1639 1913 postulatum
1683 1851 1721 1892 a
1768 1827 1995 1893 Galliis
2042 1830 2308 1914 duobus,

292 1915 364 1980 P.
409 1914 812 1981 Dolabellam
865 1934 962 1981 xv
1004 1917 1216 1981 virum
1270 1918 1528 1982 factum.
1618 1915 1761 1980 Hoc
1805 1917 1929 1981 tibi
1973 1939 2105 1981 non
2150 1918 2311 1982 invi-

295 2004 445 2089 deo,
518 2005 791 2068 caruisse
862 2008 927 2069 te
997 2005 1430 2088 pulcherrimo
1503 2005 1862 2089 spectaculo
1926 2009 1990 2069 et
2051 2004 2312 2069 Lentuli

297 2090 516 2156 Cruris
561 2093 800 2176 repulsi
834 2093 1087 2157 vultum
1130 2115 1262 2157 non
1297 2093 1547 2157 vidisse.
1636 2091 1728 2156 At
1774 2115 1899 2177 qua
1944 2114 2073 2177 spe,
2119 2102 2311 2177 quam

296 2184 469 2244 certa
513 2180 812 2265 opinione
859 2181 1282 2265 descenderat,
1330 2203 1521 2265 quam
1567 2180 1707 2265 ipso
1754 2181 2084 2246 diffidente
2120 2180 2312 2245 Dola-

213 2289 268 2328 20
295 2268 494 2332 bellai
539 2268 628 2333 Et
668 2269 976 2353 hercules,
1020 2269 1146 2334 nisi
1190 2270 1397 2333 nostri
1442 2271 1667 2351 equites
1702 2270 1949 2334 acutius
1984 2269 2311 2354 vidissent,

295 2378 494 2440 paene
541 2358 922 2421 concedente
977 2356 1339 2422 adversario
1394 2360 1767 2441 superasset.
1855 2356 2029 2421 Illud
2070 2360 2137 2422 te
2180 2379 2313 2421 non

296 2445 579 2509 arbitror
619 2446 953 2529 miratum,
1011 2444 1381 2529 Servaeum,
1437 2446 1840 2532 designatum
1892 2449 1971 2510 tr.
2016 2446 2122 2531 pl.,
2169 2468 2312 2510 con-

298 2532 690 2618 demnatum3
734 2536 806 2598 in
841 2534 1020 2597 cuius
1054 2534 1269 2597 locum
1308 2532 1375 2597 O.
1407 2532 1602 2598 Curio
1644 2534 1849 2617 petiit.
1911 2532 2075 2599 Sane
2121 2554 2313 2617 quam

296 2621 529 2685 incutit
563 2621 802 2706 multis,
850 2622 961 2706 qui
998 2643 1145 2685 eum
1181 2621 1682 2705 facilitatemque
1719 2622 1854 2686 eius
1889 2643 2022 2686 non
2055 2626 2313 2705 norunt,

216 2726 270 2768 2⁵
296 2731 604 2795 magnum
647 2713 917 2795 metum3
971 2709 1106 2794 sed,
1152 2713 1226 2772 ut
1272 2732 1459 2794 spero
1504 2714 1568 2774 et
1612 2709 1787 2793 v010,
1848 2713 1912 2773 et
1957 2714 2031 2774 ut
2076 2731 2142 2773 se
2187 2710 2313 2773 fert

297 2797 460 2881 ipse,
505 2797 708 2861 bonos
753 2802 817 2862 et
861 2799 1153 2861 senatum
1196 2798 1423 2883 malet3
1468 2801 1644 2862 totus
1653 2849 1671 2882 ,
1716 2802 1789 2861 ut
1824 2819 1995 2861 nunc
2031 2800 2144 2880 est,
2187 2796 2313 2859 hoc

298 2885 580 2949 scaturit.
661 2884 871 2950 Huius
907 2890 1122 2949 autem
1157 2886 1509 2950 voluntatis
1553 2886 1813 2950 initium
1858 2889 1923 2950 et
1970 2906 2155 2949 causa
2200 2887 2313 2968 est,

299 2974 472 3057 quod
529 2995 675 3037 eum
731 2996 862 3038 non
919 2974 1329 3037 mediocriter
1376 2973 1629 3058 Caesar,
1689 2974 1802 3057 qui
1856 2974 2019 3037 solet
2065 2972 2315 3036 infimo-

298 3082 442 3124 rum
483 3061 821 3127 hominum
875 3062 1222 3127 amicitiam
1281 3062 1408 3126 sibi
1454 3062 1741 3146 qualibet
1785 3062 2051 3145 inpensa
2096 3060 2315 3123 adiun-

217 3168 272 3207 so
298 3170 474 3236 gere,
519 3150 703 3214 valde
748 3151 1146 3234 contempsit.
1239 3149 1379 3226 Qua
1422 3149 1493 3213 in
1536 3172 1605 3214 re
1647 3150 1811 3213 mihi
1855 3150 2109 3213 videtur
2152 3147 2315 3211 illud

297 3258 605 3321 perquam
649 3242 914 3303 venuste
960 3238 1275 3323 cecidisse,
1323 3238 1498 3322 quod
1532 3260 1570 3301 a
1604 3238 1869 3321 reliquis
1914 3258 2169 3320 quoque
2216 3257 2315 3299 us-

299 3346 422 3409 que
467 3347 542 3389 eo
589 3330 684 3389 est
729 3326 1256 3411 animadversum,
1301 3330 1375 3389 ut
1422 3325 1634 3409 GuriO,
1681 3326 1793 3409 qui
1836 3325 2002 3389 nihil
2048 3324 2314 3389 consilio

297 3413 477 3496 facit,
541 3414 788 3479 ratione
853 3418 916 3479 et
979 3414 1229 3478 insidiis
1293 3435 1445 3478 usus
1498 3414 1824 3478 videretur
1877 3412 1947 3477 in
2000 3413 2315 3477 evitandis

297 3500 377 3566 iis
441 3502 752 3588 consiliis,
818 3503 928 3587 qui
993 3524 1059 3567 se
1120 3503 1526 3567 intenderant
1589 3502 1985 3568 adversarios
2045 3502 2115 3565 in
2179 3502 2315 3566 eius
