2567 3884
713 163 812 217 AD
853 163 1094 228 QUINT.
1132 164 1391 221 FRATR.
1430 164 1649 223 LIBER
1683 166 1711 219 I
1751 172 1797 221 1.
2138 165 2268 229 505

237 304 655 389 suscepimuS,
691 306 795 370 vel
827 306 1096 375 minima
1132 328 1199 371 re
1237 307 1319 371 ad
1355 308 1946 392 reprehendendum
1984 309 2269 372 contenti

238 415 378 457 esse
432 394 785 458 videantur.
876 394 1109 480 Quare,
1171 396 1475 479 quoniam
1530 398 1666 459 eius
1711 397 1887 460 modi
1942 397 2268 460 theatrum
2306 414 2375 462 42

238 482 446 546 totius
500 482 693 546 Asiae
738 482 1089 547 virtutibus
1142 484 1273 548 tuis
1329 489 1425 547 est
1481 485 1701 548 datum
1757 484 2129 549 celebritate
2172 507 2268 548 re-

240 570 689 654 fertissimum,
745 572 1187 656 magnitudine
1235 573 1729 657 amplissimum,
1775 573 2014 638 iudicio
2062 574 2268 637 erudi-

186 676 214 717 5
240 658 584 743 tissimum,
627 662 858 722 natura
893 664 1108 724 autem
1152 660 1245 723 ita
1281 682 1602 746 resonans,
1648 665 1720 725 ut
1756 683 1957 745 usque
1992 661 2267 725 Romam

243 746 747 832 significationes
802 768 1115 831 vocesque
1174 749 1558 834 referantur,
1618 750 1954 834 contende,
2015 772 2267 834 quaeSO,

243 838 437 918 atque
493 835 775 919 elabora,
829 857 961 899 non
1013 835 1206 901 modo
1253 841 1327 900 ut
1379 838 1483 901 his
1536 838 1727 901 rebus
1775 838 2007 924 dignus
2052 838 2266 922 fuisse,

243 924 357 987 sed
402 922 596 986 etiam
641 926 714 987 ut
758 923 872 986 illa
917 924 1132 987 omnia
1174 926 1305 988 tuis
1343 925 1589 989 artibus
1627 948 1955 1009 superasse
1992 926 2264 1010 videare,

244 1013 326 1095 et,
374 1012 676 1095 quoniam
720 1011 883 1075 mihi
931 1033 1110 1075 casus
1156 1013 1467 1077 urbanam
1512 1014 1579 1077 in
1629 1014 2115 1099 magistratibus
2160 1014 2265 1077 ad-

160 1120 216 1159 10
241 1099 783 1163 ministrationem
838 1100 931 1163 rei
987 1100 1312 1185 publicae,
1372 1102 1495 1165 tibi
1553 1103 2013 1186 provincialem
2072 1102 2263 1185 dedit,

245 1188 300 1251 si
345 1210 488 1251 mea
531 1210 680 1272 pars
724 1188 967 1251 nemini
1013 1189 1208 1273 cedit,
1269 1190 1401 1275 fac,
1455 1194 1529 1254 ut
1587 1195 1699 1254 tua
1744 1195 1987 1254 ceteros
2032 1190 2262 1253 vincat.

246 1274 454 1340 Simul
499 1280 563 1339 et
615 1276 780 1339 illud
823 1276 1060 1361 cogita,
1120 1298 1238 1341 nos
1292 1299 1423 1341 non
1479 1278 1555 1341 de
1611 1278 1857 1361 reliqua
1902 1282 1967 1341 et
2012 1282 2264 1361 sperata

242 1363 452 1450 gloria
496 1364 626 1427 iam
669 1364 988 1448 laborare,
1035 1365 1145 1427 sed
1191 1365 1267 1428 de
1312 1369 1498 1449 parta
1544 1366 1871 1450 dimicare,
1919 1388 2080 1449 quae
2128 1366 2265 1449 qui-

245 1452 390 1515 dem
442 1473 572 1515 non
626 1456 761 1516 tam
806 1453 1157 1535 expetenda
1207 1453 1399 1517 nobis
1451 1454 1577 1518 fuit
1623 1476 1815 1538 quam
1868 1454 2105 1518 tuenda
2150 1458 2263 1518 est.

161 1559 214 1599 15
241 1539 371 1624 Ac,
425 1540 481 1603 si
533 1540 697 1604 mihi
751 1540 1093 1623 quicquam
1147 1545 1313 1605 esset
1366 1541 1480 1605 abs
1534 1546 1599 1605 te
1646 1546 2041 1627 separatum,
2098 1542 2265 1606 nihil

243 1628 518 1711 amplius
576 1628 998 1692 desiderarem
1049 1629 1174 1692 hoc
1229 1632 1425 1712 statu,
1487 1630 1597 1713 qui
1651 1630 1814 1693 mihi
1868 1631 1997 1693 iam
2041 1634 2266 1714 partus

242 1719 356 1779 est.
445 1716 637 1781 Nunc
670 1737 822 1781 vero
869 1716 961 1781 sic
1006 1738 1108 1779 res
1153 1738 1288 1780 sese
1333 1717 1547 1800 habet,
1592 1721 1682 1801 ut,
1728 1718 1853 1781 nisi
1902 1718 2117 1781 omnia
2151 1722 2265 1782 tua

241 1805 411 1867 facta
455 1808 646 1888 atque
684 1804 854 1868 dicta
896 1806 1135 1868 nostris
1180 1805 1373 1868 rebus
1418 1805 1609 1868 istinc
1653 1806 2095 1889 respondeant,
2141 1827 2263 1891 ego

240 1914 344 1955 me
389 1894 588 1956 tantis
640 1892 800 1956 meis
853 1892 1184 1957 laboribus
1230 1892 1555 1975 tantisque
1600 1892 1927 1976 periculiS,
1988 1914 2262 1976 quorum

159 2000 212 2039 20
239 1984 313 2043 tu
369 1980 656 2045 omnium
709 1980 1028 2064 particeps
1081 1980 1293 2064 fuisti,
1356 1981 1523 2044 nihil
1545 2008 1551 2011 >
1576 1984 1987 2044 consecutum
2030 1986 2261 2062 putem.

241 2068 510 2153 Quodsi,
565 2072 638 2132 ut
683 2069 1149 2152 amplissimum
1192 2090 1427 2133 nomen
1483 2090 2039 2152 consequeremur,
2098 2091 2263 2133 unus

238 2160 495 2240 praeter
537 2161 780 2221 ceteros
825 2156 1144 2239 adiuvisti,
1192 2161 1361 2221 certe
1408 2158 1595 2241 idem,
1640 2161 1714 2220 ut
1750 2157 1819 2220 id
1854 2157 2259 2242 retineamus,

237 2248 492 2328 praeter
536 2248 779 2309 ceteros
823 2244 1198 2309 elaborabis.
1271 2244 1424 2311 Non
1462 2248 1558 2309 est
1593 2246 1717 2309 tibi
1752 2246 1856 2310 bis
1894 2246 2048 2309 solis
2083 2250 2263 2310 uten-

240 2334 393 2396 dum
449 2333 1031 2397 existimationibus
1085 2355 1160 2397 ac
1212 2334 1493 2418 iudiciis,
1549 2334 1661 2418 qui
1714 2356 1885 2398 nunc
1929 2339 2104 2419 sunt,
2149 2335 2263 2399 ho-

158 2439 212 2479 25
239 2422 519 2505 minum,
583 2421 693 2485 sed
755 2422 836 2485 iis
900 2422 1125 2506 etiam,
1191 2423 1305 2505 qui
1367 2423 1568 2486 futuri
1630 2427 1809 2508 sunt3
1874 2445 2261 2507 quamquam

236 2509 500 2573 illorum
553 2509 677 2573 erit
719 2509 933 2573 verius
986 2509 1296 2574 iudicium
1352 2511 1817 2575 obtrectatione
1864 2515 1927 2575 et
1987 2512 2262 2576 malevo—

235 2598 436 2661 lentia
478 2597 839 2661 liberatum.
929 2596 1223 2681 Denique
1269 2600 1465 2663 etiam
1510 2599 1673 2664 illud
1719 2599 1911 2663 debes
1958 2600 2259 2685 cogitare,
2296 2616 2367 2663 44

235 2707 366 2749 non
412 2689 476 2748 te
530 2686 654 2749 tibi
709 2686 830 2749 soli
883 2686 1159 2771 gloriam
1206 2709 1524 2770 quaerere.
1616 2686 1803 2763 Quod
1840 2686 1895 2749 si
1940 2690 2123 2770 esset,
2169 2690 2261 2749 ta-

234 2796 384 2837 men
427 2795 560 2837 non
602 2774 998 2859 neglegeres,
1056 2776 1435 2858 praesertim
1480 2796 1627 2839 cum
1672 2774 2083 2858 amplissimis
2127 2796 2261 2837 mo-

152 2881 207 2920 30
234 2862 560 2925 numentis
613 2883 979 2925 consecrare
1032 2862 1342 2927 voluisses
1397 2862 1775 2926 memoriam
1819 2862 2099 2926 nominis
2145 2862 2259 2925 tui.

237 2948 364 3014 Sed
400 2972 474 3013 ea
509 2954 606 3013 est
640 2950 765 3013 tibi
802 2951 1328 3014 communicanda
1362 2972 1629 3033 mecum,
1674 2950 2002 3033 prodenda
2037 2950 2261 3014 liberis

232 3038 496 3123 nostris3
543 3038 611 3101 in
649 3060 799 3122 qua,
847 3039 1197 3102 cavendum
1243 3043 1356 3123 est,
1401 3061 1499 3123 ne,
1547 3038 1601 3101 si
1637 3038 2085 3123 neglegentior
2129 3038 2262 3100 fue-

233 3126 354 3210 riS,
412 3125 536 3189 tibi
589 3149 818 3210 parum
873 3127 1298 3211 consuluisse,
1358 3127 1470 3189 sed
1524 3126 1718 3189 etiam
1776 3126 1907 3189 tuis
1953 3125 2260 3190 invidisse

234 3214 529 3279 videaris
2284 3264 2367 3327 16

150 3318 204 3360 85
364 3302 581 3386 Atque
625 3303 784 3367 haec
827 3324 958 3366 non
995 3324 1072 3367 eo
1111 3303 1427 3387 dicuntur,
1474 3306 1547 3365 ut
1584 3305 1649 3365 te
1688 3302 1894 3366 oratio
1940 3324 2083 3365 mea
2121 3300 2261 3365 1101·-
2298 3354 2367 3401 45

229 3392 537 3455 mientem
592 3392 926 3475 excitasse,
981 3390 1093 3453 sed
1144 3391 1363 3474 potius
1418 3394 1491 3453 ut
1548 3393 1909 3454 currentem
1962 3390 2261 3453 incitasse

230 3480 540 3545 videatur.
612 3478 834 3543 Facies
871 3479 1041 3542 enim
1076 3482 1408 3563 perpetuo,
1457 3500 1617 3563 quae
1655 3479 1883 3565 fecisti,
1930 3483 2003 3543 ut
2042 3500 2262 3543 omnes

2288 976 2372 1040 15

2302 1065 2371 1114 43
