2567 3884
985 149 1203 204 LIBER
1238 149 1344 206 Vn
1380 154 1609 205 24—26.
2186 149 2312 214 193

1183 361 1418 430 XXVI.

537 484 652 540 Ser.
698 487 764 538 in
804 483 1115 540 Tusculano
1149 501 1219 539 m.
1258 486 1447 540 iontem.
1486 489 1627 553 post.
1675 501 1727 538 a.
1768 486 1881 538 708
1926 485 2059 553 (46).

927 605 1180 662 emmo
1221 607 1274 662 s,
1313 606 1380 662 D.
1420 583 1673 662 GALLO.

425 731 587 797 Cum
633 733 969 796 decumum
1013 733 1141 797 iam
1188 732 1359 797 diem
1403 731 1687 818 graviter
1733 753 1813 797 ex
1857 731 2183 796 intestinis
2222 731 2311 796 la-

236 842 264 883 5
290 822 588 885 borarem
637 842 844 904 neque
895 821 978 884 iis
985 871 1004 905 ,
1063 821 1176 905 qui
1227 843 1373 888 mea
1427 841 1621 903 opera
1664 821 1765 884 uti
1808 820 2141 905 volebant,
2205 841 2310 884 me

288 909 630 994 probarem
673 930 804 972 non
847 910 1089 995 valere,
1135 909 1286 992 quia
1330 907 1565 973 febrim
1608 929 1740 973 non
1782 908 2112 992 haberem,
2168 909 2310 994 fugi

288 999 360 1061 in
403 997 858 1081 Tusculanum,
905 1018 1051 1061 cum
1096 997 1356 1080 quidem
1401 996 1671 1060 biduum
1715 996 1809 1060 ita
1852 996 2103 1061 ieiunus
2157 996 2311 1060 fuis-

289 1107 442 1170 sem,
486 1089 560 1150 ut
594 1107 676 1149 ne
711 1107 943 1169 aquam
988 1085 1246 1168 quidem
1281 1088 1623 1171 gustarem.
1711 1082 1939 1168 Itaque
1983 1084 2309 1148 confectus

287 1175 598 1260 languore
627 1176 692 1237 et
716 1175 885 1237 fame
920 1173 1127 1259 magis
1161 1177 1348 1238 tuum
1386 1172 1673 1236 officium
1719 1172 2070 1237 desideravi
2116 1194 2309 1256 quam

209 1282 266 1322 ιο
291 1283 330 1325 a
373 1265 440 1326 te
493 1261 735 1346 requiri
786 1260 1011 1345 putavi
1063 1283 1295 1326 meum.
1386 1260 1532 1346 Ego
1588 1264 1802 1325 autem
1858 1282 2053 1344 quom
2100 1260 2309 1324 omnis

290 1349 554 1414 morbos
590 1349 956 1434 reformido,
1000 1352 1141 1414 tum
1187 1350 1258 1414 in
1302 1370 1430 1432 quo
1475 1348 1831 1432 Epicurum
1875 1353 2061 1414 tuum
2109 1347 2311 1413 Stoici

292 1438 458 1501 male
503 1437 841 1522 accipiunt,
887 1437 1038 1522 quia
1082 1437 1252 1501 dicat
1297 1437 1808 1522 εστροιγγουρωιεοὶ
1852 1436 1963 1501 καὶ
2008 1437 2311 1502 δυσεντε-

294 1526 446 1610 ρικὰ
480 1526 690 1608 πάθη’
727 1525 853 1590 sibi
887 1525 1160 1590 molesta
1185 1546 1347 1610 esse3
1393 1546 1667 1608 quorum
1702 1525 1975 1589 alterum
2010 1525 2311 1589 morbum

294 1614 625 1678 edacitatis
671 1635 806 1678 esse
850 1617 1106 1697 putant,
1162 1613 1437 1677 alterum
1483 1612 1677 1677 etiam
1729 1613 2039 1697 turpioris
2084 1613 2312 1677 intem-

291 1701 908 1855 Essffiffie'vasffi
947 1701 2313 1854 ἕζῖἓῖἶοείἓῗέῃὲᾝᾝῗαζᾝεέἓῇοῗίῗ

294 1878 433 1962 ipsa
475 1878 746 1943 fortasse
791 1878 921 1942 iam
965 1877 1349 1942 senescentis
1392 1876 1605 1941 morbi
1640 1877 1929 1942 remissio
1974 1877 2309 1960 profuisse.

292 1964 391 2029 Ac
432 1969 650 2031 tamen
691 1988 774 2030 ne
817 1966 1076 2050 mirere,
1122 1966 1291 2029 unde
1332 1965 1458 2028 hoc
1502 1965 1820 2049 acciderit,
1866 1987 1994 2049 quo
2038 1965 2310 2029 modove

295 2054 720 2118 commiserim
733 2105 750 2138 ,
812 2054 920 2118 lex
981 2053 1407 2137 sumptuaria,
1471 2074 1632 2136 quae
1690 2053 1944 2117 videtur
2007 2056 2310 2135 λιτότητα

201 2161 269 2200 -20
297 2142 612 2226 attulisse,
667 2164 740 2206 ea
791 2142 955 2206 mihi
1001 2141 1211 2206 fraudi
1257 2141 1399 2205 fuit.
1488 2140 1685 2224 Nam,
1734 2141 1886 2205 dum
1929 2140 2155 2205 volunt
2200 2140 2310 2204 isti

294 2229 456 2292 lauti
500 2233 672 2294 terra
715 2234 892 2315 nata,
949 2252 1110 2314 quae
1145 2229 1298 2315 ,lege
1344 2232 1608 2312 excepta
1652 2232 1827 2314 sunt,
1887 2229 1957 2292 in
1998 2229 2311 2294 honorem

296 2316 620 2403 adducere,
665 2319 916 2404 fungos,
959 2317 1282 2402 helvellas,
1328 2316 1559 2381 herbas
1606 2316 1813 2381 omnis
1858 2317 1951 2380 ita
1987 2317 2311 2401 condiunt,

295 2407 370 2468 ut
412 2405 579 2469 nihil
619 2406 824 2489 possit
860 2427 995 2470 esse
1040 2405 1314 2470 suavius,
1402 2402 1481 2468 In
1518 2426 1623 2468 eas
1659 2425 1805 2469 cum
1840 2405 2206 2469 incidissem
2242 2404 2312 2468 in

297 2513 450 2556 cena
495 2493 785 2579 augurali
830 2495 1000 2578 apud
1041 2492 1405 2577 Lentulum,
1450 2496 1632 2557 tanta
1667 2515 1769 2557 me
1807 2493 2114 2578 διάρροια
2159 2493 2314 2557 arri-

215 2598 268 2639 25
292 2581 454 2665 puit,
491 2585 564 2644 ut
597 2581 790 2646 hodie
823 2583 1105 2665 primum
1140 2582 1435 2646 videatur
1470 2581 1751 2665 coepisse
1788 2582 2150 2646 consistere.
2211 2578 2315 2645 Ita

294 2690 442 2754 ege,
502 2669 613 2753 qui
657 2692 761 2733 me
821 2670 1047 2734 ostreis
1101 2674 1164 2734 et
1218 2669 1503 2733 murenis
1561 2669 1746 2733 facile
1802 2668 2229 2752 abstinebam,
2276 2690 2315 2731 a

293 2757 444 2820 beta
489 2760 554 2822 et
599 2779 638 2820 a
679 2757 891 2821 malva
936 2757 1236 2842 deceptus
1273 2779 1431 2821 sum.
1522 2756 1801 2822 Posthac
1836 2757 2040 2842 igitur
2075 2755 2313 2820 erimus

294 2845 630 2910 cautiores.

426 2932 526 2997 Tu
570 2937 804 3016 tamen,
849 2953 996 2997 cum
1040 2933 1322 2998 audisses
1366 2933 1447 2996 ab
1493 2931 1725 2996 Anicio
1772 2928 1964 3018 (vidit
2002 2931 2175 2995 enim
2210 2953 2313 2995 me

213 3040 267 3080 80
294 3019 763 3108 nauseantem),
820 3043 951 3086 non
1003 3021 1196 3087 modo
1249 3021 1549 3086 mittendi
1606 3041 1859 3084 causam
1912 3020 2151 3084 iustam
2204 3020 2315 3083 ha-

292 3109 517 3195 buisti,
571 3109 685 3174 sed
728 3109 923 3174 etiam
967 3109 1229 3174 visendi.
1302 3109 1448 3195 Ego
1494 3109 1602 3172 hic
1648 3109 1862 3194 cogito
1909 3107 2312 3191 commorari,

293 3199 506 3281 quoad
537 3220 642 3262 me
678 3198 976 3283 reficiam,
1022 3220 1172 3262 nam
1201 3201 1283 3262 et
1328 3197 1485 3261 viris
1531 3200 1594 3260 et
1642 3217 1871 3280 corpus
1917 3195 2129 3281 amisi3
2184 3195 2314 3280 sed,

291 3287 349 3350 si
390 3286 690 3351 morbum
736 3287 1056 3373 depulero,
1101 3285 1306 3371 facile,
1352 3289 1425 3350 ut
1469 3306 1674 3369 spero,
1720 3285 1833 3348 illa
1879 3284 2207 3350 revocabo.

397 3574 630 3618 Ciceroni·
661 3576 792 3624 epm.
833 3578 871 3617 1.
1574 3637 1581 3641 -
1925 3570 1991 3619 13
