2567 3884
276 947 305 995 1

341 173 475 237 432
1100 172 1617 227 EPISTULARUM

340 337 474 379 non
519 319 616 379 est
659 316 1012 399 profectus,
1060 337 1252 399 quam
1297 316 1582 399 primum
1627 316 1730 380 fac
1777 317 2096 379 extrudas.
2192 314 2386 401 Cura,

341 408 417 467 ut
460 404 691 469 valeas
781 401 945 467 Idib.
994 402 1246 478 Quinct.

1283 558 1430 625 VH.

344 680 458 737 Ser.
495 680 560 735 im,
592 688 759 750 portu
788 680 1051 737 Caietano
1076 698 1217 736 nave
1242 698 1534 737 conscensa
1568 682 1697 736 VII
1715 682 1802 736 Id.
1841 683 1971 736 Iwn.
2010 700 2063 737 a.
2095 684 2211 737 705
2239 684 2384 750 (49).

771 803 1074 857 TULLIUS
1111 802 1530 858 TERENTIAE
1569 803 1754 858 SUAE
1794 804 1848 857 S.
1884 804 1946 861 P.
2441 823 2468 863 5

479 928 705 993 Omnis
748 929 1076 993 molestias
1120 932 1185 993 et
1230 929 1713 1015 sollicitudineS‚
1760 930 1994 1014 quibus
2041 934 2106 995 et
2151 934 2218 994 te
2264 931 2387 995 mi-

346 1018 679 1081 serrimam
723 1017 951 1102 habui,
1010 1018 1079 1081 id
1124 1019 1299 1101 quod
1351 1018 1513 1082 mihi
1558 1018 2087 1083 molestissimum
2133 1022 2260 1103 est,
2316 1023 2384 1083 et

346 1104 711 1189 Tulliolam,
758 1127 920 1188 quae
964 1106 1154 1169 nobis
1199 1110 1422 1170 nostra
1464 1106 1601 1170 vita
1647 1106 1896 1170 dulcior
1938 1111 2063 1192 est,
2110 1106 2385 1190 deposui

348 1197 412 1257 et
450 1194 622 1257 eieci.
714 1191 885 1268 Quid
920 1215 1144 1258 causae
1190 1198 1407 1258 autem
1451 1194 1664 1279 fuerit,
1707 1195 2020 1278 postridie
2066 1195 2384 1279 intellexi,

347 1304 540 1365 quam
578 1304 616 1344 a
642 1281 828 1345 vobis
866 1282 1142 1345 discessi.
1206 1284 1430 1365 Χολὴν
1466 1284 1754 1368 ἄκρατον
1789 1286 1986 1347 noctu
2022 1283 2210 1368 eieci3
2259 1286 2384 1347 sta-
2415 1300 2462 1339 10
2566 1290 2567 1331 ³

346 1370 468 1432 tim
514 1370 607 1433 ita
653 1391 795 1432 sum
838 1368 1113 1455 levatus,
1168 1374 1242 1434 ut
1295 1370 1458 1434 mihi
1515 1372 1670 1435 deus
1714 1370 1947 1455 aliquis
1991 1371 2384 1437 medicinam

348 1457 572 1520 fecisse
616 1457 937 1543 videatur3
983 1458 1087 1521 cui
1132 1458 1392 1542 quidem
1436 1462 1510 1522 tu
1557 1458 1702 1542 deo,
1749 1481 1940 1542 quem
1985 1458 2068 1523 ad
2110 1460 2383 1525 modum

348 1544 533 1629 soles,
577 1544 683 1629 pie
722 1548 785 1625 et
824 1549 993 1609 caste
1031 1546 1187 1609 satis
1222 1547 1416 1611 facies
1463 1547 1561 1630 [id
1597 1551 1693 1611 est
1718 1546 2011 1631 Apollini
2049 1551 2116 1611 et
2141 1546 2385 1611 Aescu—

346 1632 568 1716 lapio].
666 1632 917 1697 Navem
980 1656 1166 1717 spero
1229 1656 1348 1698 nos
1407 1635 1590 1699 valde
1653 1634 1890 1699 bonam
1952 1635 2213 1700 habere.
2304 1634 2385 1699 In

349 1742 489 1784 eam
544 1721 931 1805 simulatque
977 1724 1346 1807 conscendi,
1399 1723 1558 1787 haec
1602 1723 1844 1807 scripsi.
1934 1723 2187 1788 Deinde
2236 1746 2385 1788 con-
2412 1738 2464 1778 15

348 1809 626 1874 scribam
672 1810 754 1872 ad
796 1814 1052 1875 nostros
1096 1811 1444 1875 familiares
1487 1811 1725 1875 multas
1771 1811 2096 1895 epistulas,
2144 1813 2385 1895 quibus

347 1900 414 1961 te
470 1901 535 1961 et
592 1896 939 1962 Tulliolam
997 1903 1286 1963 nostram
1347 1899 1836 1985 diligentissime
1895 1901 2383 1965 commendabo.

351 1984 741 2050 Cohortarer
793 2009 933 2071 VOS,
990 2009 1117 2071 quo
1173 1987 1388 2051 animo
1443 1987 1744 2052 fortiores
1789 1988 2038 2073 essetis,
2090 1988 2223 2052 nisi
2267 2010 2384 2053 vos

349 2074 652 2139 fortiores
681 2097 1056 2161 cognossem
1095 2097 1286 2159 quam
1325 2097 1711 2159 quemquam
1747 2076 1976 2141 virum.
2036 2076 2127 2140 Et
2163 2080 2386 2141 tamen

350 2162 487 2225 eius
531 2162 709 2226 modi
754 2185 941 2247 spero
986 2164 1250 2250 negotia
1295 2186 1456 2247 esse,
1509 2167 1584 2227 ut
1630 2167 1694 2228 et
1736 2186 1852 2228 vos
1906 2164 2056 2228 istic
2101 2186 2384 2229 commo-
2413 2181 2464 2219 2⁰

352 2249 610 2313 dissime
669 2273 917 2334 sperem
973 2274 1107 2317 esse
1162 2256 1227 2315 et
1283 2274 1388 2315 me
1453 2251 1796 2335 aliquando
1853 2274 1997 2316 cum
2057 2253 2386 2317 similibus

350 2338 557 2400 nostri
621 2359 757 2401 rem
819 2362 880 2423 p.
947 2340 1334 2405 defensuros,
1438 2339 1537 2403 Tu
1599 2341 1882 2424 primum
1943 2340 2386 2412 valetudinem

350 2428 530 2487 tuam
575 2426 771 2489 velim
826 2448 1033 2512 cures3
1094 2428 1347 2512 deinde,
1402 2428 1459 2492 si
1501 2428 1626 2491 tibi
1671 2428 2023 2512 videbitur,
2078 2429 2256 2494 villis
2302 2429 2386 2493 iis

350 2515 561 2597 utere,
627 2535 789 2597 quae
849 2514 1225 2601 longissime
1291 2515 1564 2579 aberunt
1626 2538 1663 2579 a
1723 2517 2059 2592 militibus,
2151 2517 2386 2581 Fundo

349 2598 652 2685 Arpinati
688 2601 851 2666 bene
878 2604 1121 2687 poteris
1148 2604 1246 2668 uti
1274 2624 1421 2667 cum
1449 2604 1694 2667 familia
1731 2605 1993 2689 urbana,
2034 2604 2089 2669 si
2127 2627 2387 2670 annona
2415 2620 2465 2660 25
2566 2656 2567 2663 1

352 2690 559 2753 carior
595 2690 808 2754 fuerit.
883 2691 1106 2756 Cicero
1143 2692 1532 2756 bellissimus
1568 2691 1693 2756 tibi
1725 2693 1996 2760 salutem
2031 2693 2386 2777 plurimam

348 2777 525 2842 dicit.
618 2777 837 2843 Etiam
884 2784 1077 2863 atque
1124 2780 1320 2845 etiam
1365 2780 1522 2845 vale.
1595 2779 1673 2844 D.
1710 2799 1810 2845 VII
1852 2779 2007 2852 Idus
2050 2780 2194 2845 Iun.

1273 3004 1450 3071 VIII.

611 3126 724 3182 Ser.
762 3126 1043 3182 Brumdisi
1077 3144 1131 3181 a.
1170 3126 1222 3182 d.
1262 3128 1363 3182 IV
1391 3128 1538 3183 Non.
1577 3128 1708 3183 Iwn.
1745 3144 1799 3183 α.
1839 3130 1953 3183 707
1990 3129 2132 3197 (4⁷).

827 3247 1129 3302 TULLIUS
1166 3248 1586 3303 TERENTIAE
1625 3248 1812 3303 SUAE
1849 3248 1906 3305 S.
2414 3272 2466 3310 so

485 3388 556 3454 Si
609 3389 808 3474 vales,
864 3390 1026 3454 bene
1073 3393 1195 3474 est,
1242 3412 1364 3477 ego
1409 3390 1608 3456 valeo.
1699 3389 2158 3459 Valetudinem
2204 3397 2384 3459 tuam

349 3476 546 3540 velim
592 3498 773 3541 cures
819 3476 1325 3563 diligentissime.
1416 3477 1588 3544 Nam
1632 3479 1796 3543 mihi
1843 3484 1909 3547 et
1957 3482 2274 3567 scriptum
2317 3486 2384 3549 et
