2567 3884
220 1380 290 1428 46

243 2820 277 2883 1

252 2911 279 2958 1

327 163 458 228 506
1067 161 1587 217 EPISTULARUM

327 306 716 389 aequitatem
762 308 958 389 tuam,
1003 305 1525 389 temperantiam,
1572 304 1977 369 severitatem
2020 304 2357 392 integrita-

327 398 585 477 temque
621 393 970 458 laudarent.
1047 391 1174 456 Sed
1208 414 1312 457 me
1350 393 1661 476 quaedam
1704 397 1883 456 tenet
1924 398 2195 478 propter
2231 395 2357 457 sin-

325 484 617 569 gularem
654 503 937 545 amorem
975 481 1228 545 infinita
1264 482 1333 543 in
1378 484 1443 545 te
1480 481 1752 545 aviditas
1788 482 2047 567 gloriae.
2124 480 2358 557 Quam-

329 592 522 654 quam
577 570 738 633 illud
794 570 1118 653 existimo,
1180 590 1325 632 cum
1380 569 1509 633 iam
1563 569 1687 633 tibi
1735 568 1889 633 Asia
1943 571 2035 634 sic
2087 571 2188 634 uti
2242 571 2359 634 uni

329 660 557 741 cuique
623 680 736 722 sua
800 658 1026 721 domus
1089 661 1244 721 nota
1308 678 1443 721 esse
1510 657 1761 743 debeat,
1824 680 1971 723 cum
2034 659 2118 721 ad
2174 663 2360 723 tuam
2384 676 2415 717 5

327 769 644 811 summam
687 746 1094 830 prudentiam
1138 748 1359 809 tantus
1404 766 1557 809 usus
1600 747 1952 830 accesserit,
1997 746 2163 810 nihil
2201 769 2359 831 esse,

327 836 503 918 quod
548 835 629 898 ad
671 835 926 898 laudem
972 834 1258 917 attineat,
1312 832 1486 917 quod
1528 855 1659 897 non
1705 837 1778 897 tu
1826 835 2066 917 optime
2112 836 2360 919 perspi-

329 924 457 988 cias
502 926 567 986 et
613 923 736 986 tibi
781 944 912 986 non
958 922 1094 985 sine
1132 922 1508 1005 cuiusquam
1553 922 1921 986 hortatione
1965 923 2034 986 in
2069 927 2360 987 mentem

327 1012 542 1075 veniat
581 1010 829 1075 cotidie.
892 1008 1017 1074 Sed
1055 1031 1192 1095 ege,
1241 1011 1408 1094 quia,
1456 1030 1601 1073 cum
1646 1014 1759 1073 tua
1802 1012 1967 1096 lego,
2012 1015 2079 1075 te
2114 1012 2359 1096 audire,

328 1103 394 1163 et
437 1100 604 1183 quia,
653 1120 797 1162 cum
843 1098 924 1161 ad
968 1102 1033 1161 te
1079 1097 1309 1182 scrib0,
1354 1101 1567 1161 tecum
1612 1098 1792 1181 loqui
1828 1099 2067 1183 videor,
2113 1100 2357 1164 idcirco
2387 1118 2439 1156 1⁰

327 1191 393 1251 et
438 1191 549 1251 tua
593 1186 972 1272 longissima
1018 1207 1270 1270 quaque
1316 1186 1588 1269 epistola
1636 1186 1915 1251 maxime
1962 1188 2247 1253 delector
2291 1193 2360 1252 et

328 1275 464 1359 ipse
509 1275 577 1337 in
623 1274 959 1339 scribendo
1007 1296 1149 1337 sum
1195 1296 1381 1357 saepe
1426 1275 1699 1359 longior.

459 1361 631 1426 Illud
688 1367 752 1426 te
812 1362 893 1425 ad
947 1365 1306 1425 extremum
1353 1366 1416 1425 et
1464 1383 1577 1426 oro
1624 1366 1689 1426 et
1731 1363 1985 1447 hortor,
2039 1367 2140 1448 ut,
2196 1368 2358 1428 tam-

329 1472 521 1533 quam
565 1455 792 1534 po‘etae
837 1450 993 1513 boni
1039 1454 1103 1513 et
1151 1454 1399 1513 actores
1443 1450 1744 1513 industrii
1782 1451 2007 1536 solent,
2046 1452 2140 1515 sic
2175 1456 2250 1517 tu
2287 1454 2357 1516 in

327 1542 612 1602 extrema
671 1541 854 1622 parte
909 1542 974 1601 et
1029 1538 1434 1602 conclusione
1487 1538 1771 1601 muneris
1826 1560 1900 1602 ac
1952 1540 2202 1625 negotii
2255 1540 2356 1604 tui
2386 1558 2438 1597 15

327 1625 857 1712 diligentissimus
918 1626 1033 1711 siS,
1094 1630 1168 1690 ut
1223 1626 1333 1689 hic
1389 1627 1619 1690 tertius
1678 1649 1881 1691 annus
1939 1628 2196 1712 imperii
2256 1630 2357 1693 tui

325 1718 653 1799 tamquam
707 1715 936 1779 tertius
989 1720 1163 1779 actm
1219 1715 1722 1799 perfectissimus
1780 1718 1971 1798 atque
2026 1716 2357 1782 ornatissi-

324 1825 467 1867 mus
527 1804 723 1867 fuisse
783 1803 1090 1867 videatur.
1182 1800 1259 1865 Id
1318 1803 1623 1867 facillime
1677 1802 1899 1888 facies,
1959 1804 2014 1867 si
2058 1827 2196 1890 me,
2252 1806 2357 1870 cui

325 1913 575 1976 semper
619 1892 732 1955 uni
777 1891 984 1977 magis
1031 1912 1222 1974 quam
1268 1892 1583 1955 universis
1629 1891 1878 1974 placere
1923 1893 2220 1978 voluisti,
2265 1897 2357 1958 te-

323 2001 470 2043 cum
516 2002 765 2064 semper
819 2001 954 2044 esse
1007 1979 1266 2062 putabis
1315 1983 1379 2043 et
1435 1979 1733 2043 omnibus
1787 1980 1869 2043 iis
1912 1981 2136 2065 rebus,
2193 2003 2357 2065 quas
2384 2000 2437 2040 ευ

324 2068 493 2132 dices
549 2072 612 2132 et
658 2068 881 2153 facieS,
937 2068 1259 2131 interesse.
1351 2066 1699 2151 Reliquum
1746 2072 1866 2152 est,
1926 2071 1999 2132 ut
2042 2073 2110 2133 te
2156 2090 2357 2157 orem,

321 2159 396 2219 ut
449 2155 801 2220 valetudini
859 2161 1037 2239 tuae,
1100 2155 1154 2219 si
1213 2176 1317 2219 me
1374 2160 1438 2219 et
1491 2160 1639 2219 tuos
1695 2177 1915 2220 omnes
1967 2157 2182 2222 valere
2237 2159 2357 2245 vis,

323 2243 814 2328 diligentissime
860 2244 1114 2307 serviae.

1289 2470 1370 2535 H.

355 2592 468 2649 Ser.
509 2594 715 2648 Romae
749 2591 894 2647 inter
939 2592 1099 2645 VIII
1127 2592 1200 2646 K.
1239 2591 1381 2647 Nov.
1420 2598 1473 2649 et
1505 2592 1606 2647 IV
1631 2593 1719 2647 Id.
1758 2594 1891 2649 Dec.
1929 2611 1981 2649 a.
2022 2564 2134 2649 6'95
2174 2599 2319 2664 (59).
2383 2614 2432 2655 25

867 2714 1160 2769 MARCUS
1200 2714 1475 2779 QUINTO
1512 2714 1796 2771 FRATRI.

455 2858 698 2924 Statius
745 2860 826 2923 ad
870 2881 973 2923 me
1018 2858 1195 2923 venit
1241 2881 1294 2921 a.
1344 2858 1400 2921 d.
1449 2876 1576 2921 vm
1621 2858 1699 2923 K.
1746 2858 2095 2925 Novembr.
2188 2860 2353 2926 Eius

319 2947 659 3032 adventus,
721 2949 895 3031 quod
948 2948 1040 3011 ita
1095 2946 1440 3030 scripsisti,
1503 2947 1825 3030 direptum
1877 2947 1959 3010 iri
2004 2951 2070 3012 te
2116 2971 2155 3012 a
2199 2949 2351 3035 tuis,

321 3035 473 3099 dum
528 3037 582 3099 is
638 3036 919 3119 abesset,
976 3035 1285 3099 molestus
1331 3034 1493 3097 mihi
1553 3035 1704 3121 fuit3
1765 3035 1937 3119 quod
1982 3040 2198 3100 autem
2246 3060 2352 3101 ex-

317 3125 778 3207 spectationem
824 3124 921 3187 tui
969 3143 1474 3205 concursumque
1521 3144 1684 3209 eum,
1732 3124 1844 3206 qui
1890 3127 2027 3188 erat
2072 3124 2349 3210 futuruS,
2377 3143 2427 3183 ao

317 3212 375 3275 si
419 3233 546 3276 una
590 3216 803 3276 tecum
850 3211 1178 3275 decederet
1224 3232 1431 3294 neque
1476 3215 1663 3275 antea
1699 3212 1875 3275 visus
1911 3215 2093 3296 esset,
2139 3218 2350 3277 sustu-

315 3299 420 3383 lit,
467 3299 535 3363 id
578 3300 742 3364 mihi
785 3321 917 3364 non
962 3299 1365 3363 incommode
1411 3298 1621 3363 visum
1667 3304 1764 3364 est
1810 3300 2127 3365 accidisse.
2218 3301 2348 3366 Ex—

313 3386 584 3452 haustus
639 3392 736 3452 est
790 3388 960 3452 enim
1015 3409 1224 3451 sermo
1278 3387 1616 3451 hominum
1673 3392 1736 3452 et
1789 3388 2031 3453 multae
2077 3390 2345 3455 emissae

318 3474 447 3537 iam
507 3476 644 3539 eius
700 3476 878 3540 modi
935 3498 1152 3540 voces:
1221 3472 1382 3539 ρἀλλ’
1448 3478 1583 3541 αἰεί
1636 3500 1786 3541 τινα
1847 3488 2035 3561 φῶτα
2093 3476 2344 3562 μέγαν’,
