2567 3884
575 160 674 212 AD
714 160 954 225 QUINT.
990 160 1248 217 FRATR.
1288 162 1504 215 LIBER
1538 163 1591 216 II
1629 168 1679 231 3,
1718 168 1767 217 4.
2046 162 2175 226 525

153 302 415 385 quidem
462 306 600 386 tua,
662 303 753 366 mi
812 304 1036 387 frater,
1097 304 1489 388 prudentia„
1527 306 1863 391 patientia,
1919 307 2176 391 virtute,

151 391 420 475 pietate,
485 391 797 455 suavitate
861 392 1054 457 etiam
1117 392 1241 455 tibi
1305 394 1592 476 mihique
1652 397 1802 457 sunt
1861 394 2175 458 restituta.

151 478 404 542 Domus
448 479 572 542 tibi
627 479 707 541 ad
759 480 976 544 lucum
1016 480 1273 546 Pisonis
1318 480 1650 544 Liciniana
1696 482 2009 545 conducta
2054 486 2175 569 est3

154 567 299 651 sed,
357 570 430 631 ut
487 588 704 652 spero,
760 568 980 651 paucis
1033 569 1361 632 mensibus
1414 572 1562 652 post
1616 569 1693 633 K.
1743 568 2061 645 Quintiles
2107 571 2175 633 in

97 672 124 712 5
152 659 336 718 tuam
395 655 863 741 commigrabis
955 654 1158 720 Tuam
1217 657 1286 720 in
1343 655 1591 721 Carinis
1651 659 1875 721 mundi
1927 658 2175 723 habita-

152 747 330 807 tores
364 743 625 807 Lamiae
661 744 1116 809 conduxerunt.
1207 744 1268 808 A
1305 748 1370 809 te
1405 749 1555 829 post
1592 746 1771 809 illam
1809 744 2175 810 Olbiensem

154 831 496 915 epistolam
554 832 761 895 nullas
819 832 1067 896 litteras
1127 834 1355 917 accepi.
1448 832 1618 909 Quid
1671 856 1821 920 agas
1876 838 1941 897 et
1993 838 2067 898 ut
2110 838 2175 898 te

155 920 456 1004 oblecteS,
503 920 662 983 scire
700 921 888 1004 cupio
923 921 1326 1005 maximeque
1371 926 1437 985 te
1481 923 1694 1005 ipsum
1730 922 1945 985 videre
1984 944 2176 1005 quam

152 1008 454 1091 primum.
549 1007 746 1091 Cura,
809 1009 901 1072 mi
959 1010 1188 1093 frater,
1251 1014 1324 1073 ut
1370 1010 1581 1074 valeas
1636 1014 1725 1095 et,
1791 1009 2176 1094 quamquam

75 1118 126 1156 ιο
154 1100 255 1249 10Ξῂ
283 1097 576 1248 llli1iempS,
631 1100 847 1160 tamen
894 1094 1256 1162 Sardiniam
1311 1098 1503 1162 istam
1549 1120 1684 1163 esse
1730 1099 1989 1185 cogites.
2080 1117 2177 1162 xv

221 1234 236 1251 .
355 1185 566 1249 artiaS.

1108 1343 1222 1411 IV.

545 1463 658 1519 Ser.
696 1464 902 1519 Romae
937 1482 1112 1519 mense
1153 1466 1369 1520 Martio
1404 1484 1456 1520 a.
1496 1469 1607 1520 698
1648 1468 1787 1534 (56).

513 1586 806 1641 MARCUS
844 1586 1116 1653 QUINTO
1163 1587 1432 1640 FRATRI
1470 1587 1822 1643 SALUTEM.

79 1736 127 1773 ιο
296 1711 540 1778 Sestius
593 1717 811 1777 noster
869 1714 1200 1777 absolutus
1255 1717 1350 1776 est
1405 1735 1457 1776 a.
1506 1713 1562 1776 d.
1607 1731 1655 1776 v
1707 1711 1859 1776 Idus
1912 1712 2178 1776 Martias
2219 1733 2246 1779 1

157 1806 241 1886 et,
289 1802 463 1885 quod
506 1801 914 1865 vehementer
957 1802 1252 1867 interfuit
1299 1800 1391 1865 rei
1435 1800 1755 1884 publicae,
1799 1800 2043 1863 nullam
2088 1801 2180 1864 vi-

158 1890 296 1954 deri
351 1889 421 1952 in
475 1890 610 1953 eius
662 1890 839 1953 modi
895 1912 1082 1953 causa
1137 1889 1595 1953 dissensionem
1655 1910 1820 1972 esse,
1881 1888 2179 1952 omnibus

157 1978 496 2043 sententiis
541 1978 872 2042 absolutus
919 1983 1028 2042 est.
1118 1977 1315 2062 Illud,
1377 1977 1550 2061 quod
1593 1977 1716 2040 tibi
1762 1997 1949 2039 curae
1994 1998 2179 2059 saepe

158 2088 297 2131 esse
341 2065 798 2150 intellexeram,
842 2089 923 2131 ne
970 2068 1072 2131 cui
1118 2066 1342 2149 iniquo
1387 2052 1889 2148 reliliqueremus
1934 2064 2181 2147 vitupe-

82 2174 131 2213 20
158 2154 345 2219 randi
389 2154 629 2238 locum,
685 2155 795 2237 qui
841 2177 957 2219 nos
1003 2156 1293 2241 ingratos
1339 2176 1473 2218 esse
1520 2154 1785 2237 diceret,
1830 2152 1957 2215 nisi
2002 2151 2179 2215 illius

157 2242 644 2328 perversitatem
690 2243 1072 2325 quibusdam
1124 2242 1193 2306 in
1247 2243 1439 2307 rebus
1486 2264 1677 2325 quam
1719 2240 2179 2305 humanissime

159 2333 499 2414 ferremuS,
553 2330 712 2394 scito
758 2331 882 2395 hoc
926 2353 1043 2395 nos
1087 2331 1157 2395 in
1202 2352 1278 2395 eo
1324 2330 1561 2394 iudicio
1609 2332 1980 2393 consecutos
2026 2351 2180 2413 esse,

160 2424 234 2483 ut
295 2419 582 2482 omnium
645 2420 993 2504 gratissimi
1055 2420 1513 2505 iudicaremur-3
1575 2441 1724 2482 nam
1784 2417 2177 2481 defendendo

160 2528 420 2571 moroso
455 2507 704 2571 homini
741 2508 1238 2572 cumulatissime
1275 2507 1430 2571 satis
1474 2508 1741 2571 fecimus
1778 2509 1858 2590 et,
1904 2506 1972 2569 id
2009 2506 2181 2589 quod

83 2613 135 2653 25
161 2596 272 2659 ille
325 2595 603 2658 maxime
657 2596 979 2681 cupiebat,
1033 2596 1400 2680 Vatinium,
1458 2618 1497 2658 a
1552 2616 1680 2679 quo
1723 2596 1935 2678 palam
1983 2615 2182 2677 oppu-

161 2683 509 2769 gnabatur,
568 2683 882 2748 arbitratu
936 2687 1157 2748 nostro
1205 2684 1598 2748 concidimus
1645 2683 1740 2745 dis
1783 2681 2181 2746 hominibus-

163 2793 288 2855 que
350 2771 818 2855 plaudentibus,
923 2771 1092 2848 Quin
1160 2773 1355 2836 etiam
1417 2771 1655 2835 Paulus
1718 2774 1937 2833 noster
1953 2819 1971 2852 ,
2036 2791 2181 2833 cum

161 2859 347 2923 testis
382 2859 732 2943 productus
769 2865 933 2925 esset
968 2862 1036 2924 in
1068 2860 1364 2943 Sestium,
1413 2858 1813 2922 confirmavit
1842 2879 1908 2921 se
1944 2879 2181 2921 nomen

163 2947 389 3012 Vatini
449 2947 839 3031 delaturum,
903 2949 957 3013 si
1009 2949 1223 3012 Macer
1278 2947 1565 3011 Licinius
1625 2949 2059 3029 cunctaretur,
2116 2949 2181 3009 et

85 3054 136 3092 ³0
162 3036 380 3099 Macer
425 3036 504 3099 ab
554 3034 720 3099 Sesti
766 3036 1084 3100 subselliis
1130 3036 1409 3099 surrexit
1453 3056 1526 3098 ac
1572 3056 1637 3097 se
1686 3034 1785 3097 illi
1828 3055 1960 3097 non
2007 3034 2181 3097 defu-

162 3128 385 3188 turum
430 3123 808 3187 adfirmavit.
900 3123 1069 3200 Quid
1132 3124 1427 3208 quaeris?
1497 3123 1694 3186 homo
1758 3122 2052 3205 petulans
2117 3126 2181 3185 et

162 3212 373 3276 audax
421 3210 776 3297 [Vatinius]
825 3212 1007 3276 valde
1054 3212 1467 3296 perturbatus
1514 3210 2011 3293 debilitatusque
2060 3210 2182 3273 dis-

164 3301 370 3365 cessit.
463 3298 738 3375 Quintus
786 3298 1012 3383 [filius]
1068 3305 1248 3385 tuus,
1302 3322 1466 3383 puer
1519 3299 1830 3382 optimuS,
1892 3298 2182 3362 eruditur
2220 3316 2249 3363 2

165 3388 439 3474 egregie.
529 3386 672 3451 Hoc
715 3408 886 3451 nunc
933 3390 1140 3474 magis
1185 3388 1470 3453 animum
1515 3388 1795 3471 adverto,
1842 3386 2014 3470 quod
2059 3387 2182 3470 Ty-

86 3492 137 3532 85
165 3477 393 3541 rannio
430 3475 613 3539 docet
649 3476 820 3559 apud
853 3498 973 3540 me.
1032 3477 1279 3541 Domus
1316 3476 1650 3559 utriusque
1686 3479 1979 3540 nostrum
2016 3475 2184 3539 aedi-
