2567 3884
893 181 1111 235 LIBER
1146 182 1223 237 VI
1261 188 1487 237 20-22
2115 180 2239 245 167

209 328 497 413 Lentuli,
542 327 846 392 timidum
891 348 1026 391 0330
1073 326 1369 391 dicebant
1416 324 1618 413 (eram
1662 326 1879 411 plane3
1930 326 2241 389 timebam

211 417 409 503 enim,
466 437 549 479 ne
604 416 933 480 evenirent
979 437 1078 499 ea,
1143 436 1306 499 quae
1360 412 1781 499 acciderunt),
1846 415 2016 477 idem
2069 436 2243 478 nunc

209 505 378 568 nihil
420 505 620 568 timeo
667 508 731 567 et
777 503 859 567 ad
905 524 1161 567 omnem
1207 506 1508 568 eventum
1551 506 1813 586 paratus
1851 524 2009 566 sum.
2076 500 2240 566 Cum

212 592 459 677 aliquid
511 592 852 656 videbatur
905 591 1114 656 caveri
1167 613 1381 677 posse,
1443 595 1585 656 tum
1638 591 1708 655 id
1758 590 2017 677 neglegi
2073 590 2241 654 dole-

159 700 185 739 5
207 682 390 767 bam3
442 702 615 745 nunc
666 702 820 745 vero
875 680 1112 745 eversis
1157 680 1457 744 omnibus
1502 680 1695 743 rebus
1702 730 1721 765 ,
1781 700 1926 743 cum
1972 678 2240 743 consilio

210 770 442 855 profici
486 768 654 833 nihil
695 768 918 853 possit,
963 790 1092 832 una
1135 768 1301 832 ratio
1346 769 1619 853 videtur,
1671 767 1977 852 quicquid
2022 788 2242 831 evene-

211 859 328 942 rit,
391 858 559 921 ferre
618 857 968 941 moderate,
1031 856 1411 940 praesertim
1470 877 1615 920 cum
1674 857 1963 921 omnium
2025 876 2241 919 rerum

209 968 392 1009 mors
436 946 522 1009 sit
567 948 949 1030 extremm,
1005 948 1069 1009 et
1121 945 1286 1009 mihi
1332 945 1456 1008 sim
1509 945 1801 1009 conscius
1844 966 1975 1029 me,
2031 943 2243 1027 quoad

209 1034 497 1117 licuerit,
553 1033 854 1119 dignitati
900 1032 994 1097 rei
1037 1057 1098 1118 p.
1155 1033 1549 1098 consuluisse
1596 1037 1661 1098 et
1702 1034 1825 1097 hac
1870 1032 2103 1096 amissa
2147 1054 2242 1096 sa-

135 1142 186 1181 10
209 1124 420 1187 lutem
465 1122 740 1185 retinere
784 1121 1079 1185 voluisse.

348 1209 527 1273 Haec
580 1210 832 1294 scripsi,
884 1231 1016 1273 non
1070 1213 1144 1274 ut
1189 1210 1266 1273 de
1312 1231 1416 1275 1110
1469 1210 1606 1293 ipse
1662 1210 1964 1293 dicerem,
2012 1208 2124 1271 sed
2167 1211 2241 1271 ut

211 1303 314 1383 tu,
375 1298 492 1382 qui
548 1298 1071 1362 coniunctissima
1127 1298 1311 1362 fuisti
1369 1319 1621 1362 mecum
1680 1302 1744 1362 et
1802 1297 2121 1362 sententia
2152 1300 2244 1361 'et

211 1388 574 1471 voluntate,
638 1387 858 1450 eadem
915 1386 1246 1473 cogitares,
1355 1384 1592 1473 Magna
1654 1387 1826 1451 enim
1890 1384 2243 1451 consolatio

214 1479 339 1559 est,
396 1496 544 1539 cum
601 1475 960 1559 recordare,
1015 1474 1265 1539 etiamsi
1313 1496 1493 1538 secus
1538 1475 1863 1559 acciderit,
1916 1478 1982 1539 te
2026 1478 2245 1538 tamen

135 1582 188 1622 15
215 1567 389 1628 recte
433 1584 709 1646 vereque
753 1564 1038 1627 sensisse.
1127 1562 1346 1647 Atque
1390 1563 1639 1627 utinam
1674 1563 1864 1627 liceat
1900 1562 2242 1647 aliquando

215 1652 436 1735 aliquo
481 1651 575 1715 rei
619 1674 682 1734 p.
727 1654 900 1715 statu
943 1672 1062 1715 nos
1098 1651 1227 1715 frui
1263 1652 1435 1714 inter
1465 1673 1711 1735 nosque
1748 1651 2037 1715 conferre
2073 1651 2246 1715 solli-

216 1740 535 1804 citudines
597 1742 876 1823 nostras,
942 1760 1099 1823 quas
1154 1739 1539 1822 pertulimus
1596 1743 1762 1823 tum,
1826 1760 1973 1803 cum
2030 1739 2243 1802 timidi

213 1827 623 1913 putabamur,
670 1828 820 1911 quia
865 1827 1230 1892 dicebamus
1267 1849 1341 1891 ea
1376 1828 1619 1911 futura,
1666 1848 1827 1911 quae
1863 1827 2033 1890 facta
2077 1830 2242 1890 sunt.

349 1915 451 1979 De
495 1916 628 1979 tuis
681 1915 873 1980 rebus
918 1916 1084 1979 nihil
1129 1937 1263 1979 0330
1320 1916 1493 1999 quod
1536 1916 1765 1980 timeas
1807 1918 2062 1999 praeter
2105 1915 2245 1978 uni-

137 2024 191 2063 30
216 2026 438 2069 versae
492 2004 586 2068 rei
637 2027 698 2088 p.
753 2004 1088 2068 interitum
1147 2004 1272 2068 tibi
1332 2005 1672 2088 confirmo3
1738 2004 1813 2067 de
1871 2024 1975 2066 me
2030 2006 2244 2065 autem

218 2093 309 2157 sic
353 2092 552 2157 velim
594 2092 854 2178 iudices,
899 2095 1212 2177 quantum
1256 2112 1377 2177 ego
1421 2092 1681 2175 possim,
1725 2112 1830 2155 me
1873 2090 2016 2175 tibi,
2053 2090 2245 2154 saluti

217 2185 366 2245 tuae
411 2180 761 2264 liberisque
804 2181 936 2245 tuis
981 2202 1232 2245 summo
1271 2201 1417 2244 cum
1454 2180 1668 2243 studio
1703 2182 1959 2264 praesto
1995 2200 2248 2262 semper

218 2270 528 2333 futurum.
621 2267 800 2333 Vale.

1128 2424 1334 2491 XXII.

135 2572 190 2611 25
683 2546 797 2603 Ser.
837 2548 1045 2603 Romae
1081 2565 1150 2601 m.
1189 2548 1355 2603 Maio
1398 2566 1450 2603 a.
1492 2552 1603 2603 708
1651 2551 1784 2619 (46).

934 2668 1190 2725 CICERO
1226 2669 1552 2727 DOMITIO.

353 2794 508 2861 Non
553 2818 628 2860 ea
672 2816 774 2860 res
819 2817 921 2860 me
969 2797 1305 2881 deterruit,
1362 2818 1489 2881 quo
1534 2798 1749 2862 minus
1755 2849 1774 2883 ,
1831 2800 2251 2882 posteaquam

221 2885 292 2948 in
335 2883 595 2948 Italiam
638 2884 891 2969 venisti,
935 2884 1185 2949 litteras
1233 2885 1315 2948 ad
1348 2888 1415 2949 te
1450 2886 1793 2970 mitterem,
1840 2886 2015 2969 quod
2058 2889 2131 2948 tu
2170 2886 2252 2949 ad

221 2994 328 3037 me
371 2973 581 3036 nullas
633 2972 898 3037 miseras
907 3023 925 3057 ,
981 2973 1093 3037 3οᾶ
1145 2974 1323 3057 quia,
1378 2994 1497 3037 nec
1542 2974 1699 3057 quid
1742 2974 1866 3037 tibi
1911 2974 2253 3058 pollicerer

141 3081 196 3120 ao
221 3062 360 3145 ipse
416 3082 610 3147 egens
664 3061 856 3125 rebus
911 3061 1210 3126 omnibus
1217 3112 1236 3146 ,
1300 3082 1420 3125 nec
1475 3062 1631 3145 quid
1684 3063 2041 3146 suaderem,
2107 3082 2253 3125 cum

219 3149 520 3213 mihimet
572 3149 700 3232 ipsi
754 3148 1094 3213 consilium
1141 3150 1376 3234 desset,
1430 3170 1550 3213 nec
1595 3150 1751 3233 quid
1797 3148 2253 3213 consolationis

222 3238 540 3301 adferrem
574 3237 645 3301 in
679 3237 877 3301 tantis
913 3238 1118 3322 malis,
1163 3236 1577 3322 reperiebam.
1651 3236 1830 3301 Haec
1866 3259 2255 3322 quamquam

220 3325 429 3389 nihilo
475 3326 746 3389 meliora
791 3328 940 3389 sunt
977 3346 1148 3390 nunc
1184 3327 1380 3390 etiam
1426 3329 1619 3409 atque
1657 3326 1853 3390 etiam
1897 3326 2105 3391 multo
2155 3326 2257 3389 de-

221 3413 593 3566 spefatiora,
637 3418 854 3478 tamen
890 3413 1100 3477 inanis
1137 3436 1272 3479 esse
1310 3436 1484 3477 meas
1518 3414 1769 3478 litteras
1808 3436 2001 3498 quam
2045 3414 2256 3480 nullas

143 3519 194 3559 8⁵
223 3525 332 3565 ma
359 3524 427 3565 111
