<?xml version="1.0" encoding="UTF-8"?>
<!DOCTYPE html PUBLIC "-//W3C//DTD XHTML 1.0 Transitional//EN"
    "http://www.w3.org/TR/xhtml1/DTD/xhtml1-transitional.dtd">
<html xmlns="http://www.w3.org/1999/xhtml" xml:lang="en" lang="en">
 <head>
  <title>
</title>
<meta http-equiv="Content-Type" content="text/html;charset=utf-8" />
  <meta name='ocr-system' content='tesseract 3.04.00' />
  <meta name='ocr-capabilities' content='ocr_page ocr_carea ocr_par ocr_line ocrx_word'/>
</head>
<body>
  <div class='ocr_page' id='page_1' title='image "./scriptaquaemans02mlgoog_0283.png"; bbox 0 0 2567 3884; ppageno 0'>
   <div class='ocr_carea' id='block_1_1' title="bbox 927 181 2249 251">
    <p class='ocr_par' dir='ltr' id='par_1_1' title="bbox 927 181 2249 251">
     <span class='ocr_line' id='line_1_1' title="bbox 927 181 2249 251; baseline 0.007 -16"><span class='ocrx_word' id='word_1_1' title='bbox 927 181 1146 236; x_wconf 81' lang='lat' dir='ltr'><strong>LIBER</strong></span> <span class='ocrx_word' id='word_1_2' title='bbox 1180 183 1286 237; x_wconf 85' lang='lat' dir='ltr'><strong>V11</strong></span> <span class='ocrx_word' id='word_1_3' title='bbox 1328 188 1413 251; x_wconf 80' lang='lat'><strong>23,</strong></span> <span class='ocrx_word' id='word_1_4' title='bbox 1454 187 1536 238; x_wconf 75' lang='lat'><strong>24.</strong></span> <span class='ocrx_word' id='word_1_5' title='bbox 2119 181 2249 246; x_wconf 90' lang='lat'><strong>191</strong></span> 
     </span>
    </p>
   </div>
   <div class='ocr_carea' id='block_1_2' title="bbox 149 324 2325 2173">
    <p class='ocr_par' dir='ltr' id='par_1_2' title="bbox 149 324 2325 2173">
     <span class='ocr_line' id='line_1_2' title="bbox 227 324 2253 410; baseline 0 -20"><span class='ocrx_word' id='word_1_6' title='bbox 227 347 360 390; x_wconf 90' lang='lat' dir='ltr'><strong>non</strong></span> <span class='ocrx_word' id='word_1_7' title='bbox 405 324 716 409; x_wconf 85' lang='lat' dir='ltr'><strong>manebit,</strong></span> <span class='ocrx_word' id='word_1_8' title='bbox 761 324 1041 408; x_wconf 82' lang='lat' dir='ltr'><strong>aliquem</strong></span> <span class='ocrx_word' id='word_1_9' title='bbox 1077 324 1775 410; x_wconf 76' lang='lat' dir='ltr'><strong>Pseudodamasippum</strong></span> <span class='ocrx_word' id='word_1_10' title='bbox 1810 325 1914 391; x_wconf 82' lang='lat' dir='ltr'><strong>vel</strong></span> <span class='ocrx_word' id='word_1_11' title='bbox 1949 347 2095 390; x_wconf 90' lang='lat' dir='ltr'><strong>cum</strong></span> <span class='ocrx_word' id='word_1_12' title='bbox 2130 325 2253 390; x_wconf 83' lang='lat' dir='ltr'><strong>iac-</strong></span> 
     </span>
     <span class='ocr_line' id='line_1_3' title="bbox 228 413 831 497; baseline 0 -20"><span class='ocrx_word' id='word_1_13' title='bbox 228 418 378 478; x_wconf 89' lang='lat' dir='ltr'><strong>tura</strong></span> <span class='ocrx_word' id='word_1_14' title='bbox 425 413 831 497; x_wconf 90' lang='lat' dir='ltr'><strong>reperiemus.</strong></span> 
     </span>
     <span class='ocr_line' id='line_1_4' title="bbox 364 500 2325 587; baseline -0.001 -22"><span class='ocrx_word' id='word_1_15' title='bbox 364 500 550 577; x_wconf 86' lang='lat' dir='ltr'><strong>Quod</strong></span> <span class='ocrx_word' id='word_1_16' title='bbox 602 501 686 565; x_wconf 88' lang='lat' dir='ltr'><strong>ad</strong></span> <span class='ocrx_word' id='word_1_17' title='bbox 726 523 831 565; x_wconf 91' lang='lat' dir='ltr'><strong>me</strong></span> <span class='ocrx_word' id='word_1_18' title='bbox 878 501 954 564; x_wconf 89' lang='lat' dir='ltr'><strong>de</strong></span> <span class='ocrx_word' id='word_1_19' title='bbox 1001 501 1192 566; x_wconf 92' lang='lat' dir='ltr'><strong>domo</strong></span> <span class='ocrx_word' id='word_1_20' title='bbox 1245 501 1476 566; x_wconf 90' lang='lat' dir='ltr'><strong>scribis</strong></span> <span class='ocrx_word' id='word_1_21' title='bbox 1528 502 1790 586; x_wconf 90' lang='lat' dir='ltr'><strong>iterum,</strong></span> <span class='ocrx_word' id='word_1_22' title='bbox 1844 502 1975 566; x_wconf 88' lang='lat' dir='ltr'><strong>iam</strong></span> <span class='ocrx_word' id='word_1_23' title='bbox 2017 501 2088 565; x_wconf 88' lang='lat' dir='ltr'><strong>id</strong></span> <span class='ocrx_word' id='word_1_24' title='bbox 2132 523 2252 587; x_wconf 91' lang='lat' dir='ltr'><strong>ego</strong></span> <span class='ocrx_word' id='word_1_25' title='bbox 2288 516 2325 564; x_wconf 78' lang='lat'>4</span> 
     </span>
     <span class='ocr_line' id='line_1_5' title="bbox 228 589 2253 675; baseline 0 -22"><span class='ocrx_word' id='word_1_26' title='bbox 228 589 637 674; x_wconf 89' lang='lat' dir='ltr'><strong>proficiscens</strong></span> <span class='ocrx_word' id='word_1_27' title='bbox 671 589 1042 653; x_wconf 85' lang='lat' dir='ltr'><strong>mandaram</strong></span> <span class='ocrx_word' id='word_1_28' title='bbox 1076 611 1256 654; x_wconf 89' lang='lat' dir='ltr'><strong>meae</strong></span> <span class='ocrx_word' id='word_1_29' title='bbox 1292 589 1566 675; x_wconf 77' lang='lat' dir='ltr'><strong>Tullia03</strong></span> <span class='ocrx_word' id='word_1_30' title='bbox 1603 612 1677 654; x_wconf 87' lang='lat' dir='ltr'><strong>ea</strong></span> <span class='ocrx_word' id='word_1_31' title='bbox 1711 589 1883 654; x_wconf 90' lang='lat' dir='ltr'><strong>enim</strong></span> <span class='ocrx_word' id='word_1_32' title='bbox 1918 591 2062 674; x_wconf 89' lang='lat' dir='ltr'><strong>ipsa</strong></span> <span class='ocrx_word' id='word_1_33' title='bbox 2091 589 2253 654; x_wconf 89' lang='lat' dir='ltr'><strong>hora</strong></span> 
     </span>
     <span class='ocr_line' id='line_1_6' title="bbox 177 677 2253 764; baseline 0.001 -26"><span class='ocrx_word' id='word_1_34' title='bbox 177 696 203 736; x_wconf 86' lang='lat'>⁵</span> <span class='ocrx_word' id='word_1_35' title='bbox 232 699 596 762; x_wconf 73' lang='lat' dir='ltr'><strong>acceperam</strong></span> <span class='ocrx_word' id='word_1_36' title='bbox 630 681 775 741; x_wconf 90' lang='lat' dir='ltr'><strong>tuas</strong></span> <span class='ocrx_word' id='word_1_37' title='bbox 809 677 1076 742; x_wconf 74' lang='lat' dir='ltr'><strong>litteras,</strong></span> <span class='ocrx_word' id='word_1_38' title='bbox 1139 677 1421 764; x_wconf 85' lang='lat' dir='ltr'><strong>Egeram</strong></span> <span class='ocrx_word' id='word_1_39' title='bbox 1466 678 1660 743; x_wconf 91' lang='lat' dir='ltr'><strong>etiam</strong></span> <span class='ocrx_word' id='word_1_40' title='bbox 1706 698 1851 742; x_wconf 90' lang='lat' dir='ltr'><strong>cum</strong></span> <span class='ocrx_word' id='word_1_41' title='bbox 1896 682 2009 742; x_wconf 89' lang='lat' dir='ltr'><strong>tuo</strong></span> <span class='ocrx_word' id='word_1_42' title='bbox 2045 677 2253 762; x_wconf 87' lang='lat' dir='ltr'><strong>Nicia,</strong></span> 
     </span>
     <span class='ocr_line' id='line_1_7' title="bbox 233 765 2255 850; baseline -0 -19"><span class='ocrx_word' id='word_1_43' title='bbox 233 767 407 850; x_wconf 91' lang='lat' dir='ltr'><strong>quod</strong></span> <span class='ocrx_word' id='word_1_44' title='bbox 449 765 506 830; x_wconf 91' lang='lat' dir='ltr'><strong>is</strong></span> <span class='ocrx_word' id='word_1_45' title='bbox 550 766 781 850; x_wconf 87' lang='lat' dir='ltr'><strong>utitur,</strong></span> <span class='ocrx_word' id='word_1_46' title='bbox 841 769 916 830; x_wconf 90' lang='lat' dir='ltr'><strong>ut</strong></span> <span class='ocrx_word' id='word_1_47' title='bbox 959 766 1107 850; x_wconf 90' lang='lat' dir='ltr'><strong>scis,</strong></span> <span class='ocrx_word' id='word_1_48' title='bbox 1168 766 1575 831; x_wconf 79' lang='lat' dir='ltr'><strong>familiariter</strong></span> <span class='ocrx_word' id='word_1_49' title='bbox 1620 765 1855 830; x_wconf 75' lang='lat' dir='ltr'><strong>cassin.</strong></span> <span class='ocrx_word' id='word_1_50' title='bbox 1943 765 2038 830; x_wconf 81' lang='lat' dir='ltr'><strong>Ut</strong></span> <span class='ocrx_word' id='word_1_51' title='bbox 2091 765 2255 830; x_wconf 90' lang='lat' dir='ltr'><strong>redii</strong></span> 
     </span>
     <span class='ocr_line' id='line_1_8' title="bbox 231 853 2254 941; baseline 0 -23"><span class='ocrx_word' id='word_1_52' title='bbox 231 857 466 938; x_wconf 88' lang='lat' dir='ltr'><strong>autem,</strong></span> <span class='ocrx_word' id='word_1_53' title='bbox 500 853 875 937; x_wconf 87' lang='lat' dir='ltr'><strong>priusquam</strong></span> <span class='ocrx_word' id='word_1_54' title='bbox 909 858 1054 918; x_wconf 87' lang='lat' dir='ltr'><strong>tuas</strong></span> <span class='ocrx_word' id='word_1_55' title='bbox 1090 854 1220 941; x_wconf 90' lang='lat' dir='ltr'><strong>legi</strong></span> <span class='ocrx_word' id='word_1_56' title='bbox 1256 855 1374 918; x_wconf 87' lang='lat' dir='ltr'><strong>has</strong></span> <span class='ocrx_word' id='word_1_57' title='bbox 1408 855 1736 939; x_wconf 86' lang='lat' dir='ltr'><strong>proximas</strong></span> <span class='ocrx_word' id='word_1_58' title='bbox 1761 854 2029 939; x_wconf 84' lang='lat' dir='ltr'><strong>litteras,</strong></span> <span class='ocrx_word' id='word_1_59' title='bbox 2067 875 2254 938; x_wconf 86' lang='lat' dir='ltr'><strong>quae-</strong></span> 
     </span>
     <span class='ocr_line' id='line_1_9' title="bbox 231 941 2253 1029; baseline -0 -22"><span class='ocrx_word' id='word_1_60' title='bbox 231 941 355 1007; x_wconf 85' lang='lat' dir='ltr'><strong>sivi</strong></span> <span class='ocrx_word' id='word_1_61' title='bbox 394 942 471 1006; x_wconf 99' lang='lat' dir='ltr'><strong>de</strong></span> <span class='ocrx_word' id='word_1_62' title='bbox 505 963 650 1006; x_wconf 85' lang='lat' dir='ltr'><strong>mea</strong></span> <span class='ocrx_word' id='word_1_63' title='bbox 674 941 904 1026; x_wconf 84' lang='lat' dir='ltr'><strong>Tullia,</strong></span> <span class='ocrx_word' id='word_1_64' title='bbox 942 942 1098 1026; x_wconf 91' lang='lat' dir='ltr'><strong>quid</strong></span> <span class='ocrx_word' id='word_1_65' title='bbox 1133 942 1384 1028; x_wconf 87' lang='lat' dir='ltr'><strong>egisset.</strong></span> <span class='ocrx_word' id='word_1_66' title='bbox 1443 942 1568 1007; x_wconf 87' lang='lat' dir='ltr'><strong>Per</strong></span> <span class='ocrx_word' id='word_1_67' title='bbox 1592 942 1907 1006; x_wconf 81' lang='lat' dir='ltr'><strong>Liciniam</strong></span> <span class='ocrx_word' id='word_1_68' title='bbox 1943 964 2011 1007; x_wconf 90' lang='lat' dir='ltr'><strong>se</strong></span> <span class='ocrx_word' id='word_1_69' title='bbox 2046 942 2253 1029; x_wconf 81' lang='lat' dir='ltr'><strong>egisse</strong></span> 
     </span>
     <span class='ocr_line' id='line_1_10' title="bbox 233 1027 2254 1117; baseline 0 -23"><span class='ocrx_word' id='word_1_70' title='bbox 233 1030 487 1095; x_wconf 87' lang='lat' dir='ltr'><strong>dicebat</strong></span> <span class='ocrx_word' id='word_1_71' title='bbox 541 1027 682 1117; x_wconf 90' lang='lat' dir='ltr'><strong>(sed</strong></span> <span class='ocrx_word' id='word_1_72' title='bbox 735 1030 968 1114; x_wconf 89' lang='lat' dir='ltr'><strong>opinor</strong></span> <span class='ocrx_word' id='word_1_73' title='bbox 1014 1029 1304 1095; x_wconf 87' lang='lat' dir='ltr'><strong>Cassium</strong></span> <span class='ocrx_word' id='word_1_74' title='bbox 1359 1031 1456 1094; x_wconf 87' lang='lat' dir='ltr'><strong>uti</strong></span> <span class='ocrx_word' id='word_1_75' title='bbox 1510 1051 1641 1095; x_wconf 89' lang='lat' dir='ltr'><strong>non</strong></span> <span class='ocrx_word' id='word_1_76' title='bbox 1697 1031 1791 1095; x_wconf 87' lang='lat' dir='ltr'><strong>ita</strong></span> <span class='ocrx_word' id='word_1_77' title='bbox 1834 1031 2112 1095; x_wconf 90' lang='lat' dir='ltr'><strong>multum</strong></span> <span class='ocrx_word' id='word_1_78' title='bbox 2155 1051 2254 1094; x_wconf 90' lang='lat' dir='ltr'><strong>so-</strong></span> 
     </span>
     <span class='ocr_line' id='line_1_11' title="bbox 149 1115 2255 1206; baseline 0.002 -29"><span class='ocrx_word' id='word_1_79' title='bbox 149 1139 205 1177; x_wconf 88' lang='lat'><strong>10</strong></span> <span class='ocrx_word' id='word_1_80' title='bbox 231 1115 435 1206; x_wconf 85' lang='lat' dir='ltr'><strong>rore);</strong></span> <span class='ocrx_word' id='word_1_81' title='bbox 489 1140 631 1182; x_wconf 88' lang='lat' dir='ltr'><strong>eam</strong></span> <span class='ocrx_word' id='word_1_82' title='bbox 683 1138 879 1201; x_wconf 91' lang='lat' dir='ltr'><strong>porro</strong></span> <span class='ocrx_word' id='word_1_83' title='bbox 933 1140 1167 1204; x_wconf 89' lang='lat' dir='ltr'><strong>negare</strong></span> <span class='ocrx_word' id='word_1_84' title='bbox 1221 1140 1289 1182; x_wconf 90' lang='lat' dir='ltr'><strong>se</strong></span> <span class='ocrx_word' id='word_1_85' title='bbox 1342 1119 1599 1203; x_wconf 88' lang='lat' dir='ltr'><strong>audere,</strong></span> <span class='ocrx_word' id='word_1_86' title='bbox 1660 1140 1806 1184; x_wconf 90' lang='lat' dir='ltr'><strong>cum</strong></span> <span class='ocrx_word' id='word_1_87' title='bbox 1849 1119 1951 1183; x_wconf 86' lang='lat' dir='ltr'><strong>vir</strong></span> <span class='ocrx_word' id='word_1_88' title='bbox 2005 1118 2255 1187; x_wconf 84' lang='lat' dir='ltr'><strong>abesset</strong></span> 
     </span>
     <span class='ocr_line' id='line_1_12' title="bbox 234 1205 2255 1295; baseline 0 -24"><span class='ocrx_word' id='word_1_89' title='bbox 234 1205 362 1295; x_wconf 86' lang='lat' dir='ltr'><strong>(est</strong></span> <span class='ocrx_word' id='word_1_90' title='bbox 405 1206 578 1270; x_wconf 92' lang='lat' dir='ltr'><strong>enim</strong></span> <span class='ocrx_word' id='word_1_91' title='bbox 621 1206 948 1290; x_wconf 84' lang='lat' dir='ltr'><strong>profectus</strong></span> <span class='ocrx_word' id='word_1_92' title='bbox 991 1207 1062 1270; x_wconf 88' lang='lat' dir='ltr'><strong>in</strong></span> <span class='ocrx_word' id='word_1_93' title='bbox 1104 1205 1487 1291; x_wconf 77' lang='lat' dir='ltr'><strong>Hispaniam</strong></span> <span class='ocrx_word' id='word_1_94' title='bbox 1530 1205 1831 1293; x_wconf 82' lang='lat' dir='ltr'><strong>Dexius),</strong></span> <span class='ocrx_word' id='word_1_95' title='bbox 1876 1207 1991 1271; x_wconf 89' lang='lat' dir='ltr'><strong>illo</strong></span> <span class='ocrx_word' id='word_1_96' title='bbox 2037 1210 2102 1272; x_wconf 88' lang='lat' dir='ltr'><strong>et</strong></span> <span class='ocrx_word' id='word_1_97' title='bbox 2146 1206 2255 1271; x_wconf 89' lang='lat' dir='ltr'><strong>ab·</strong></span> 
     </span>
     <span class='ocr_line' id='line_1_13' title="bbox 233 1294 2255 1382; baseline -0.001 -22"><span class='ocrx_word' id='word_1_98' title='bbox 233 1298 411 1360; x_wconf 89' lang='lat' dir='ltr'><strong>sente</strong></span> <span class='ocrx_word' id='word_1_99' title='bbox 446 1297 513 1359; x_wconf 88' lang='lat' dir='ltr'><strong>et</strong></span> <span class='ocrx_word' id='word_1_100' title='bbox 548 1294 856 1359; x_wconf 89' lang='lat' dir='ltr'><strong>insciente</strong></span> <span class='ocrx_word' id='word_1_101' title='bbox 891 1294 1186 1381; x_wconf 85' lang='lat' dir='ltr'><strong>migrare.</strong></span> <span class='ocrx_word' id='word_1_102' title='bbox 1259 1294 1382 1360; x_wconf 85' lang='lat' dir='ltr'><strong>Est</strong></span> <span class='ocrx_word' id='word_1_103' title='bbox 1415 1295 1579 1360; x_wconf 86' lang='lat' dir='ltr'><strong>mihi</strong></span> <span class='ocrx_word' id='word_1_104' title='bbox 1613 1294 2053 1382; x_wconf 87' lang='lat' dir='ltr'><strong>gratissimum</strong></span> <span class='ocrx_word' id='word_1_105' title='bbox 2086 1295 2255 1359; x_wconf 88' lang='lat' dir='ltr'><strong>tanti</strong></span> 
     </span>
     <span class='ocr_line' id='line_1_14' title="bbox 233 1383 2256 1468; baseline -0 -20"><span class='ocrx_word' id='word_1_106' title='bbox 233 1406 273 1448; x_wconf 86' lang='lat' dir='ltr'><strong>a</strong></span> <span class='ocrx_word' id='word_1_107' title='bbox 314 1385 380 1446; x_wconf 89' lang='lat' dir='ltr'><strong>te</strong></span> <span class='ocrx_word' id='word_1_108' title='bbox 426 1383 827 1447; x_wconf 85' lang='lat' dir='ltr'><strong>aestimatam</strong></span> <span class='ocrx_word' id='word_1_109' title='bbox 871 1383 1395 1448; x_wconf 86' lang='lat' dir='ltr'><strong>consuetudinem</strong></span> <span class='ocrx_word' id='word_1_110' title='bbox 1438 1384 1611 1448; x_wconf 84' lang='lat' dir='ltr'><strong>vitae</strong></span> <span class='ocrx_word' id='word_1_111' title='bbox 1652 1383 1987 1468; x_wconf 84' lang='lat' dir='ltr'><strong>victusque</strong></span> <span class='ocrx_word' id='word_1_112' title='bbox 2031 1383 2256 1468; x_wconf 83' lang='lat' dir='ltr'><strong>nostri,</strong></span> 
     </span>
     <span class='ocr_line' id='line_1_15' title="bbox 231 1470 2254 1556; baseline 0 -22"><span class='ocrx_word' id='word_1_113' title='bbox 231 1470 516 1556; x_wconf 89' lang='lat' dir='ltr'><strong>primum</strong></span> <span class='ocrx_word' id='word_1_114' title='bbox 559 1474 634 1534; x_wconf 85' lang='lat' dir='ltr'><strong>ut</strong></span> <span class='ocrx_word' id='word_1_115' title='bbox 679 1492 818 1535; x_wconf 86' lang='lat' dir='ltr'><strong>eam</strong></span> <span class='ocrx_word' id='word_1_116' title='bbox 865 1471 1125 1535; x_wconf 93' lang='lat' dir='ltr'><strong>domum</strong></span> <span class='ocrx_word' id='word_1_117' title='bbox 1172 1493 1477 1556; x_wconf 91' lang='lat' dir='ltr'><strong>sumeres,</strong></span> <span class='ocrx_word' id='word_1_118' title='bbox 1524 1475 1597 1536; x_wconf 92' lang='lat' dir='ltr'><strong>ut</strong></span> <span class='ocrx_word' id='word_1_119' title='bbox 1640 1492 1772 1536; x_wconf 91' lang='lat' dir='ltr'><strong>non</strong></span> <span class='ocrx_word' id='word_1_120' title='bbox 1816 1471 2008 1537; x_wconf 91' lang='lat' dir='ltr'><strong>modo</strong></span> <span class='ocrx_word' id='word_1_121' title='bbox 2053 1492 2254 1556; x_wconf 91' lang='lat' dir='ltr'><strong>prope</strong></span> 
     </span>
     <span class='ocr_line' id='line_1_16' title="bbox 153 1558 2255 1644; baseline 0 -21"><span class='ocrx_word' id='word_1_122' title='bbox 153 1575 207 1617; x_wconf 82' lang='lat'><strong>15</strong></span> <span class='ocrx_word' id='word_1_123' title='bbox 232 1581 362 1644; x_wconf 90' lang='lat' dir='ltr'><strong>me,</strong></span> <span class='ocrx_word' id='word_1_124' title='bbox 418 1558 530 1624; x_wconf 87' lang='lat' dir='ltr'><strong>sed</strong></span> <span class='ocrx_word' id='word_1_125' title='bbox 580 1559 768 1642; x_wconf 87' lang='lat' dir='ltr'><strong>plane</strong></span> <span class='ocrx_word' id='word_1_126' title='bbox 812 1581 1063 1623; x_wconf 90' lang='lat' dir='ltr'><strong>mecum</strong></span> <span class='ocrx_word' id='word_1_127' title='bbox 1107 1559 1400 1624; x_wconf 87' lang='lat' dir='ltr'><strong>habitare</strong></span> <span class='ocrx_word' id='word_1_128' title='bbox 1443 1581 1663 1644; x_wconf 89' lang='lat' dir='ltr'><strong>posses</strong></span> <span class='ocrx_word' id='word_1_129' title='bbox 1670 1611 1688 1643; x_wconf 95' lang='lat'><strong>,</strong></span> <span class='ocrx_word' id='word_1_130' title='bbox 1750 1559 1975 1624; x_wconf 89' lang='lat' dir='ltr'><strong>deinde</strong></span> <span class='ocrx_word' id='word_1_131' title='bbox 2021 1564 2095 1624; x_wconf 89' lang='lat' dir='ltr'><strong>ut</strong></span> <span class='ocrx_word' id='word_1_132' title='bbox 2137 1559 2255 1623; x_wconf 92' lang='lat' dir='ltr'><strong>mi-</strong></span> 
     </span>
     <span class='ocr_line' id='line_1_17' title="bbox 235 1647 2257 1734; baseline -0.001 -22"><span class='ocrx_word' id='word_1_133' title='bbox 235 1669 422 1734; x_wconf 89' lang='lat' dir='ltr'><strong>grare</strong></span> <span class='ocrx_word' id='word_1_134' title='bbox 466 1651 649 1712; x_wconf 87' lang='lat' dir='ltr'><strong>tanto</strong></span> <span class='ocrx_word' id='word_1_135' title='bbox 696 1668 886 1732; x_wconf 90' lang='lat' dir='ltr'><strong>opere</strong></span> <span class='ocrx_word' id='word_1_136' title='bbox 931 1647 1210 1711; x_wconf 86' lang='lat' dir='ltr'><strong>festines.</strong></span> <span class='ocrx_word' id='word_1_137' title='bbox 1304 1647 1428 1712; x_wconf 88' lang='lat' dir='ltr'><strong>Sed</strong></span> <span class='ocrx_word' id='word_1_138' title='bbox 1464 1670 1543 1712; x_wconf 90' lang='lat' dir='ltr'><strong>ne</strong></span> <span class='ocrx_word' id='word_1_139' title='bbox 1580 1647 1811 1732; x_wconf 82' lang='lat' dir='ltr'><strong>vivam,</strong></span> <span class='ocrx_word' id='word_1_140' title='bbox 1858 1648 1913 1712; x_wconf 90' lang='lat' dir='ltr'><strong>si</strong></span> <span class='ocrx_word' id='word_1_141' title='bbox 1948 1648 2074 1712; x_wconf 90' lang='lat' dir='ltr'><strong>tibi</strong></span> <span class='ocrx_word' id='word_1_142' title='bbox 2109 1669 2257 1712; x_wconf 90' lang='lat' dir='ltr'><strong>con—</strong></span> 
     </span>
     <span class='ocr_line' id='line_1_18' title="bbox 237 1732 2256 1822; baseline 0 -22"><span class='ocrx_word' id='word_1_143' title='bbox 237 1736 410 1820; x_wconf 88' lang='lat' dir='ltr'><strong>cedo,</strong></span> <span class='ocrx_word' id='word_1_144' title='bbox 455 1739 529 1798; x_wconf 85' lang='lat' dir='ltr'><strong>ut</strong></span> <span class='ocrx_word' id='word_1_145' title='bbox 575 1735 711 1799; x_wconf 92' lang='lat' dir='ltr'><strong>eius</strong></span> <span class='ocrx_word' id='word_1_146' title='bbox 756 1736 850 1799; x_wconf 89' lang='lat' dir='ltr'><strong>rei</strong></span> <span class='ocrx_word' id='word_1_147' title='bbox 894 1737 970 1798; x_wconf 87' lang='lat' dir='ltr'><strong>tu</strong></span> <span class='ocrx_word' id='word_1_148' title='bbox 1015 1735 1309 1819; x_wconf 87' lang='lat' dir='ltr'><strong>cupidior</strong></span> <span class='ocrx_word' id='word_1_149' title='bbox 1352 1735 1457 1820; x_wconf 79' lang='lat' dir='ltr'><strong>siS,</strong></span> <span class='ocrx_word' id='word_1_150' title='bbox 1503 1757 1696 1820; x_wconf 88' lang='lat' dir='ltr'><strong>quam</strong></span> <span class='ocrx_word' id='word_1_151' title='bbox 1742 1757 1862 1822; x_wconf 88' lang='lat' dir='ltr'><strong>ego</strong></span> <span class='ocrx_word' id='word_1_152' title='bbox 1909 1757 2066 1800; x_wconf 90' lang='lat' dir='ltr'><strong>sum.</strong></span> <span class='ocrx_word' id='word_1_153' title='bbox 2129 1732 2256 1800; x_wconf 84' lang='lat' dir='ltr'><strong>Ita-</strong></span> 
     </span>
     <span class='ocr_line' id='line_1_19' title="bbox 236 1823 2255 1909; baseline 0 -22"><span class='ocrx_word' id='word_1_154' title='bbox 236 1845 359 1908; x_wconf 90' lang='lat' dir='ltr'><strong>que</strong></span> <span class='ocrx_word' id='word_1_155' title='bbox 413 1823 630 1888; x_wconf 91' lang='lat' dir='ltr'><strong>omnia</strong></span> <span class='ocrx_word' id='word_1_156' title='bbox 688 1823 1004 1909; x_wconf 84' lang='lat' dir='ltr'><strong>experiar3</strong></span> <span class='ocrx_word' id='word_1_157' title='bbox 1061 1823 1248 1888; x_wconf 80' lang='lat' dir='ltr'><strong>video</strong></span> <span class='ocrx_word' id='word_1_158' title='bbox 1309 1824 1506 1908; x_wconf 84' lang='lat' dir='ltr'><strong>enim,</strong></span> <span class='ocrx_word' id='word_1_159' title='bbox 1568 1823 1725 1908; x_wconf 88' lang='lat' dir='ltr'><strong>quid</strong></span> <span class='ocrx_word' id='word_1_160' title='bbox 1778 1845 1924 1888; x_wconf 92' lang='lat' dir='ltr'><strong>mea</strong></span> <span class='ocrx_word' id='word_1_161' title='bbox 1980 1823 2255 1907; x_wconf 89' lang='lat' dir='ltr'><strong>intersit,</strong></span> 
     </span>
     <span class='ocr_line' id='line_1_20' title="bbox 237 1910 2255 1998; baseline 0 -22"><span class='ocrx_word' id='word_1_162' title='bbox 237 1911 394 1996; x_wconf 92' lang='lat' dir='ltr'><strong>quid</strong></span> <span class='ocrx_word' id='word_1_163' title='bbox 445 1911 782 1995; x_wconf 88' lang='lat' dir='ltr'><strong>utriusque</strong></span> <span class='ocrx_word' id='word_1_164' title='bbox 835 1915 1145 1976; x_wconf 89' lang='lat' dir='ltr'><strong>nostrum.</strong></span> <span class='ocrx_word' id='word_1_165' title='bbox 1238 1910 1309 1977; x_wconf 89' lang='lat' dir='ltr'><strong>Si</strong></span> <span class='ocrx_word' id='word_1_166' title='bbox 1370 1912 1527 1995; x_wconf 92' lang='lat' dir='ltr'><strong>quid</strong></span> <span class='ocrx_word' id='word_1_167' title='bbox 1584 1933 1775 1998; x_wconf 89' lang='lat' dir='ltr'><strong>egero</strong></span> <span class='ocrx_word' id='word_1_168' title='bbox 1789 1962 1808 1996; x_wconf 91' lang='lat'><strong>,</strong></span> <span class='ocrx_word' id='word_1_169' title='bbox 1866 1911 2123 1996; x_wconf 86' lang='lat' dir='ltr'><strong>faciam,</strong></span> <span class='ocrx_word' id='word_1_170' title='bbox 2180 1915 2255 1976; x_wconf 89' lang='lat' dir='ltr'><strong>ut</strong></span> 
     </span>
     <span class='ocr_line' id='line_1_21' title="bbox 155 1998 2258 2084; baseline -0 -21"><span class='ocrx_word' id='word_1_171' title='bbox 155 2017 209 2056; x_wconf 78' lang='lat'><strong>20</strong></span> <span class='ocrx_word' id='word_1_172' title='bbox 237 1999 413 2063; x_wconf 88' lang='lat' dir='ltr'><strong>scias.</strong></span> <span class='ocrx_word' id='word_1_173' title='bbox 504 1998 603 2063; x_wconf 83' lang='lat' dir='ltr'><strong>Tu</strong></span> <span class='ocrx_word' id='word_1_174' title='bbox 647 2002 714 2063; x_wconf 89' lang='lat' dir='ltr'><strong>et</strong></span> <span class='ocrx_word' id='word_1_175' title='bbox 758 2001 840 2062; x_wconf 90' lang='lat' dir='ltr'><strong>ad</strong></span> <span class='ocrx_word' id='word_1_176' title='bbox 885 1999 1101 2074; x_wconf 83' lang='lat' dir='ltr'><strong>omnia</strong></span> <span class='ocrx_word' id='word_1_177' title='bbox 1134 2000 1446 2064; x_wconf 76' lang='lat' dir='ltr'><strong>rescribes</strong></span> <span class='ocrx_word' id='word_1_178' title='bbox 1482 2003 1564 2084; x_wconf 90' lang='lat' dir='ltr'><strong>et,</strong></span> <span class='ocrx_word' id='word_1_179' title='bbox 1611 1999 1865 2083; x_wconf 87' lang='lat' dir='ltr'><strong>quando</strong></span> <span class='ocrx_word' id='word_1_180' title='bbox 1902 2004 1969 2065; x_wconf 94' lang='lat' dir='ltr'><strong>te</strong></span> <span class='ocrx_word' id='word_1_181' title='bbox 2005 2020 2258 2083; x_wconf 85' lang='lat' dir='ltr'><strong>exspec-</strong></span> 
     </span>
     <span class='ocr_line' id='line_1_22' title="bbox 235 2087 1787 2173; baseline -0.001 -20"><span class='ocrx_word' id='word_1_182' title='bbox 235 2092 387 2173; x_wconf 85' lang='lat' dir='ltr'><strong>tem,</strong></span> <span class='ocrx_word' id='word_1_183' title='bbox 430 2087 624 2152; x_wconf 86' lang='lat' dir='ltr'><strong>facies</strong></span> <span class='ocrx_word' id='word_1_184' title='bbox 668 2109 796 2173; x_wconf 91' lang='lat' dir='ltr'><strong>me,</strong></span> <span class='ocrx_word' id='word_1_185' title='bbox 843 2088 898 2151; x_wconf 91' lang='lat' dir='ltr'><strong>si</strong></span> <span class='ocrx_word' id='word_1_186' title='bbox 944 2087 1067 2152; x_wconf 90' lang='lat' dir='ltr'><strong>tibi</strong></span> <span class='ocrx_word' id='word_1_187' title='bbox 1113 2088 1386 2173; x_wconf 82' lang='lat' dir='ltr'><strong>videtur,</strong></span> <span class='ocrx_word' id='word_1_188' title='bbox 1432 2089 1787 2153; x_wconf 83' lang='lat' dir='ltr'><strong>certiorem.</strong></span> 
     </span>
    </p>
   </div>
   <div class='ocr_carea' id='block_1_3' title="bbox 423 2315 2065 2506">
    <p class='ocr_par' dir='ltr' id='par_1_3' title="bbox 423 2315 2065 2506">
     <span class='ocr_line' id='line_1_23' title="bbox 1128 2315 1363 2380; baseline 0 0"><span class='ocrx_word' id='word_1_189' title='bbox 1128 2315 1363 2380; x_wconf 92' lang='lat' dir='ltr'>XXIV.</span> 
     </span>
     <span class='ocr_line' id='line_1_24' title="bbox 423 2437 2065 2506; baseline -0.002 -13"><span class='ocrx_word' id='word_1_190' title='bbox 423 2437 536 2494; x_wconf 80' lang='lat' dir='ltr'><strong>Ser.</strong></span> <span class='ocrx_word' id='word_1_191' title='bbox 574 2439 638 2492; x_wconf 74' lang='lat' dir='ltr'><strong>in</strong></span> <span class='ocrx_word' id='word_1_192' title='bbox 671 2437 985 2492; x_wconf 73' lang='lat' dir='ltr'><strong>Tusculano</strong></span> <span class='ocrx_word' id='word_1_193' title='bbox 1020 2438 1145 2492; x_wconf 81' lang='lat' dir='ltr'><strong>circ.</strong></span> <span class='ocrx_word' id='word_1_194' title='bbox 1185 2437 1357 2492; x_wconf 82' lang='lat' dir='ltr'><em>XIII</em></span> <span class='ocrx_word' id='word_1_195' title='bbox 1387 2438 1462 2491; x_wconf 89' lang='lat' dir='ltr'><strong>K.</strong></span> <span class='ocrx_word' id='word_1_196' title='bbox 1502 2437 1644 2506; x_wconf 77' lang='lat' dir='ltr'><strong>Sept.</strong></span> <span class='ocrx_word' id='word_1_197' title='bbox 1683 2455 1734 2492; x_wconf 84' lang='lat' dir='ltr'><strong>a.</strong></span> <span class='ocrx_word' id='word_1_198' title='bbox 1777 2440 1886 2491; x_wconf 84' lang='lat'><strong>709</strong></span> <span class='ocrx_word' id='word_1_199' title='bbox 1928 2441 2065 2506; x_wconf 78' lang='lat'><em>(45).</em></span> 
     </span>
    </p>
   </div>
   <div class='ocr_carea' id='block_1_4' title="bbox 625 2559 1867 2615">
    <p class='ocr_par' dir='ltr' id='par_1_4' title="bbox 625 2559 1867 2615">
     <span class='ocr_line' id='line_1_25' title="bbox 625 2559 1867 2615; baseline 0.002 -2"><span class='ocrx_word' id='word_1_200' title='bbox 625 2560 700 2615; x_wconf 81' lang='lat' dir='ltr'><strong>M,</strong></span> <span class='ocrx_word' id='word_1_201' title='bbox 740 2559 995 2615; x_wconf 83' lang='lat' dir='ltr'>CICERO</span> <span class='ocrx_word' id='word_1_202' title='bbox 1035 2559 1087 2614; x_wconf 83' lang='lat' dir='ltr'><strong>S.</strong></span> <span class='ocrx_word' id='word_1_203' title='bbox 1126 2559 1191 2614; x_wconf 89' lang='lat' dir='ltr'><strong>D.</strong></span> <span class='ocrx_word' id='word_1_204' title='bbox 1231 2559 1305 2614; x_wconf 85' lang='lat' dir='ltr'><strong>M.</strong></span> <span class='ocrx_word' id='word_1_205' title='bbox 1344 2559 1566 2615; x_wconf 89' lang='lat' dir='ltr'><strong>FADIO</strong></span> <span class='ocrx_word' id='word_1_206' title='bbox 1614 2559 1867 2615; x_wconf 78' lang='lat' dir='ltr'>GALLO.</span> 
     </span>
    </p>
   </div>
   <div class='ocr_carea' id='block_1_5' title="bbox 155 2699 2409 3583">
    <p class='ocr_par' dir='ltr' id='par_1_5' title="bbox 155 2699 2409 3143">
     <span class='ocr_line' id='line_1_26' title="bbox 155 2699 2409 2789; baseline -0.001 -21"><span class='ocrx_word' id='word_1_207' title='bbox 155 2720 208 2761; x_wconf 75' lang='lat'><strong>25</strong></span> <span class='ocrx_word' id='word_1_208' title='bbox 369 2701 631 2768; x_wconf 89' lang='lat' dir='ltr'><strong>Amoris</strong></span> <span class='ocrx_word' id='word_1_209' title='bbox 676 2703 936 2787; x_wconf 89' lang='lat' dir='ltr'><strong>quidem</strong></span> <span class='ocrx_word' id='word_1_210' title='bbox 979 2705 1097 2789; x_wconf 89' lang='lat' dir='ltr'><strong>tui,</strong></span> <span class='ocrx_word' id='word_1_211' title='bbox 1143 2725 1403 2787; x_wconf 92' lang='lat' dir='ltr'><strong>quoquo</strong></span> <span class='ocrx_word' id='word_1_212' title='bbox 1449 2725 1552 2768; x_wconf 90' lang='lat' dir='ltr'><strong>me</strong></span> <span class='ocrx_word' id='word_1_213' title='bbox 1593 2703 1777 2788; x_wconf 82' lang='lat' dir='ltr'><strong>verti,</strong></span> <span class='ocrx_word' id='word_1_214' title='bbox 1821 2703 2111 2788; x_wconf 87' lang='lat' dir='ltr'><strong>vestigia,</strong></span> <span class='ocrx_word' id='word_1_215' title='bbox 2156 2702 2258 2766; x_wconf 82' lang='lat' dir='ltr'><strong>vel</strong></span> <span class='ocrx_word' id='word_1_216' title='bbox 2298 2717 2327 2766; x_wconf 90' lang='lat'>1</span> <span class='ocrx_word' id='word_1_217' title='bbox 2404 2699 2409 2703; x_wconf 74' lang='grc'><strong>’</strong></span> 
     </span>
     <span class='ocr_line' id='line_1_27' title="bbox 237 2790 2259 2878; baseline -0.002 -22"><span class='ocrx_word' id='word_1_218' title='bbox 237 2792 530 2876; x_wconf 85' lang='lat' dir='ltr'><strong>proxime</strong></span> <span class='ocrx_word' id='word_1_219' title='bbox 576 2792 653 2856; x_wconf 89' lang='lat' dir='ltr'><strong>de</strong></span> <span class='ocrx_word' id='word_1_220' title='bbox 699 2790 778 2856; x_wconf 84' lang='lat' dir='ltr'><strong>Ti</strong></span> <span class='ocrx_word' id='word_1_221' title='bbox 826 2792 1004 2878; x_wconf 84' lang='lat' dir='ltr'><strong>ellio3</strong></span> <span class='ocrx_word' id='word_1_222' title='bbox 1065 2792 1232 2856; x_wconf 90' lang='lat' dir='ltr'><strong>sensi</strong></span> <span class='ocrx_word' id='word_1_223' title='bbox 1279 2792 1451 2856; x_wconf 89' lang='lat' dir='ltr'><strong>enim</strong></span> <span class='ocrx_word' id='word_1_224' title='bbox 1498 2814 1577 2856; x_wconf 81' lang='lat' dir='ltr'><strong>ex</strong></span> <span class='ocrx_word' id='word_1_225' title='bbox 1619 2791 1856 2855; x_wconf 88' lang='lat' dir='ltr'><strong>litteris</strong></span> <span class='ocrx_word' id='word_1_226' title='bbox 1900 2791 2031 2854; x_wconf 86' lang='lat' dir='ltr'><strong>tuis</strong></span> <span class='ocrx_word' id='word_1_227' title='bbox 2075 2790 2259 2854; x_wconf 86' lang='lat' dir='ltr'><strong>valde</strong></span> 
     </span>
     <span class='ocr_line' id='line_1_28' title="bbox 237 2815 2261 2967; baseline -0.002 -23"><span class='ocrx_word' id='word_1_228' title='bbox 237 2883 304 2944; x_wconf 88' lang='lat' dir='ltr'><strong>te</strong></span> <span class='ocrx_word' id='word_1_229' title='bbox 347 2880 687 2945; x_wconf 84' lang='lat' dir='ltr'><strong>laborasse.</strong></span> <span class='ocrx_word' id='word_1_230' title='bbox 777 2815 947 2944; x_wconf 57' lang='lat' dir='ltr'><strong>{mo</strong></span> <span class='ocrx_word' id='word_1_231' title='bbox 1002 2880 1206 2967; x_wconf 86' lang='lat' dir='ltr'><strong>igitur</strong></span> <span class='ocrx_word' id='word_1_232' title='bbox 1257 2880 1675 2944; x_wconf 84' lang='lat' dir='ltr'><strong>voluntatem.</strong></span> <span class='ocrx_word' id='word_1_233' title='bbox 1767 2878 1895 2943; x_wconf 87' lang='lat' dir='ltr'><strong>Sed</strong></span> <span class='ocrx_word' id='word_1_234' title='bbox 1936 2899 2138 2962; x_wconf 90' lang='lat' dir='ltr'><strong>pauca</strong></span> <span class='ocrx_word' id='word_1_235' title='bbox 2184 2876 2261 2941; x_wconf 90' lang='lat' dir='ltr'><strong>de</strong></span> 
     </span>
     <span class='ocr_line' id='line_1_29' title="bbox 238 2964 2258 3053; baseline -0.002 -21"><span class='ocrx_word' id='word_1_236' title='bbox 238 2989 324 3032; x_wconf 91' lang='lat' dir='ltr'><strong>re.</strong></span> <span class='ocrx_word' id='word_1_237' title='bbox 399 2967 650 3053; x_wconf 83' lang='lat' dir='ltr'><strong>Cipius,</strong></span> <span class='ocrx_word' id='word_1_238' title='bbox 697 2969 953 3052; x_wconf 88' lang='lat' dir='ltr'><strong>opinor,</strong></span> <span class='ocrx_word' id='word_1_239' title='bbox 1001 2969 1180 3032; x_wconf 83' lang='lat' dir='ltr'><strong>olim:</strong></span> <span class='ocrx_word' id='word_1_240' title='bbox 1254 2967 1455 3032; x_wconf 74' lang='lat' dir='ltr'><strong>‘Non</strong></span> <span class='ocrx_word' id='word_1_241' title='bbox 1512 2967 1859 3034; x_wconf 88' lang='lat' dir='ltr'><strong>omnibus</strong></span> <span class='ocrx_word' id='word_1_242' title='bbox 1916 2964 2258 3030; x_wconf 88' lang='lat' dir='ltr'><strong>dormio&#39;.</strong></span> 
     </span>
     <span class='ocr_line' id='line_1_30' title="bbox 241 3054 2262 3143; baseline -0.002 -23"><span class='ocrx_word' id='word_1_243' title='bbox 241 3054 348 3120; x_wconf 85' lang='lat' dir='ltr'><strong>Sic</strong></span> <span class='ocrx_word' id='word_1_244' title='bbox 393 3079 513 3143; x_wconf 87' lang='lat' dir='ltr'><strong>ego</strong></span> <span class='ocrx_word' id='word_1_245' title='bbox 558 3078 693 3120; x_wconf 90' lang='lat' dir='ltr'><strong>non</strong></span> <span class='ocrx_word' id='word_1_246' title='bbox 739 3056 1057 3140; x_wconf 88' lang='lat' dir='ltr'><strong>omnibus,</strong></span> <span class='ocrx_word' id='word_1_247' title='bbox 1099 3057 1191 3120; x_wconf 90' lang='lat' dir='ltr'><strong>mi</strong></span> <span class='ocrx_word' id='word_1_248' title='bbox 1231 3055 1431 3140; x_wconf 79' lang='lat' dir='ltr'><strong>Galle,</strong></span> <span class='ocrx_word' id='word_1_249' title='bbox 1478 3057 1701 3120; x_wconf 70' lang='lat' dir='ltr'><strong>servio</strong></span> <span class='ocrx_word' id='word_1_250' title='bbox 1783 3054 1929 3119; x_wconf 83' lang='lat' dir='ltr'><strong>Etsi</strong></span> <span class='ocrx_word' id='word_1_251' title='bbox 1966 3075 2128 3138; x_wconf 90' lang='lat' dir='ltr'><strong>quae</strong></span> <span class='ocrx_word' id='word_1_252' title='bbox 2164 3056 2262 3117; x_wconf 91' lang='lat' dir='ltr'><strong>est</strong></span> 
     </span>
    </p>

    <p class='ocr_par' dir='ltr' id='par_1_6' title="bbox 157 3143 2263 3583">
     <span class='ocr_line' id='line_1_31' title="bbox 157 3143 2261 3230; baseline -0.002 -22"><span class='ocrx_word' id='word_1_253' title='bbox 157 3162 212 3202; x_wconf 82' lang='lat'><strong>30</strong></span> <span class='ocrx_word' id='word_1_254' title='bbox 236 3144 395 3208; x_wconf 89' lang='lat' dir='ltr'><strong>haec</strong></span> <span class='ocrx_word' id='word_1_255' title='bbox 439 3144 756 3209; x_wconf 78' lang='lat' dir='ltr'><strong>servitus?</strong></span> <span class='ocrx_word' id='word_1_256' title='bbox 803 3143 992 3229; x_wconf 90' lang='lat' dir='ltr'><strong>Olim,</strong></span> <span class='ocrx_word' id='word_1_257' title='bbox 1039 3166 1184 3209; x_wconf 91' lang='lat' dir='ltr'><strong>cum</strong></span> <span class='ocrx_word' id='word_1_258' title='bbox 1229 3166 1497 3230; x_wconf 88' lang='lat' dir='ltr'><strong>regnare</strong></span> <span class='ocrx_word' id='word_1_259' title='bbox 1544 3143 2085 3226; x_wconf 81' lang='lat' dir='ltr'><strong>existimabamur,</strong></span> <span class='ocrx_word' id='word_1_260' title='bbox 2130 3163 2261 3205; x_wconf 89' lang='lat' dir='ltr'><strong>non</strong></span> 
     </span>
     <span class='ocr_line' id='line_1_32' title="bbox 237 3229 2262 3316; baseline -0.002 -20"><span class='ocrx_word' id='word_1_261' title='bbox 237 3236 372 3296; x_wconf 89' lang='lat' dir='ltr'><strong>tam</strong></span> <span class='ocrx_word' id='word_1_262' title='bbox 427 3232 508 3297; x_wconf 92' lang='lat' dir='ltr'><strong>ab</strong></span> <span class='ocrx_word' id='word_1_263' title='bbox 563 3232 714 3296; x_wconf 91' lang='lat' dir='ltr'><strong>ullis</strong></span> <span class='ocrx_word' id='word_1_264' title='bbox 769 3253 962 3316; x_wconf 87' lang='lat' dir='ltr'><strong>quam</strong></span> <span class='ocrx_word' id='word_1_265' title='bbox 1015 3232 1140 3296; x_wconf 90' lang='lat' dir='ltr'><strong>hoc</strong></span> <span class='ocrx_word' id='word_1_266' title='bbox 1196 3236 1486 3316; x_wconf 90' lang='lat' dir='ltr'><strong>tempore</strong></span> <span class='ocrx_word' id='word_1_267' title='bbox 1543 3252 1847 3316; x_wconf 84' lang='lat' dir='ltr'><strong>opservor</strong></span> <span class='ocrx_word' id='word_1_268' title='bbox 1901 3253 1939 3294; x_wconf 92' lang='lat' dir='ltr'><strong>a</strong></span> <span class='ocrx_word' id='word_1_269' title='bbox 1991 3229 2262 3294; x_wconf 84' lang='lat' dir='ltr'><strong>familia-</strong></span> 
     </span>
     <span class='ocr_line' id='line_1_33' title="bbox 239 3316 2262 3405; baseline -0.002 -20"><span class='ocrx_word' id='word_1_270' title='bbox 239 3321 510 3386; x_wconf 86' lang='lat' dir='ltr'><strong>rissimis</strong></span> <span class='ocrx_word' id='word_1_271' title='bbox 565 3318 854 3385; x_wconf 86' lang='lat' dir='ltr'><strong>Caesaris</strong></span> <span class='ocrx_word' id='word_1_272' title='bbox 914 3320 1212 3384; x_wconf 89' lang='lat' dir='ltr'><strong>omnibus</strong></span> <span class='ocrx_word' id='word_1_273' title='bbox 1270 3324 1526 3405; x_wconf 89' lang='lat' dir='ltr'><strong>praeter</strong></span> <span class='ocrx_word' id='word_1_274' title='bbox 1583 3321 1796 3383; x_wconf 88' lang='lat' dir='ltr'><strong>istum.</strong></span> <span class='ocrx_word' id='word_1_275' title='bbox 1885 3316 1965 3383; x_wconf 93' lang='lat' dir='ltr'><strong>Id</strong></span> <span class='ocrx_word' id='word_1_276' title='bbox 2016 3340 2137 3404; x_wconf 87' lang='lat' dir='ltr'><strong>ego</strong></span> <span class='ocrx_word' id='word_1_277' title='bbox 2192 3318 2262 3381; x_wconf 89' lang='lat' dir='ltr'><strong>in</strong></span> 
     </span>
     <span class='ocr_line' id='line_1_34' title="bbox 235 3406 2263 3494; baseline -0.001 -21"><span class='ocrx_word' id='word_1_278' title='bbox 235 3409 434 3473; x_wconf 89' lang='lat' dir='ltr'><strong>lucris</strong></span> <span class='ocrx_word' id='word_1_279' title='bbox 478 3431 678 3494; x_wconf 91' lang='lat' dir='ltr'><strong>pon0,</strong></span> <span class='ocrx_word' id='word_1_280' title='bbox 732 3431 864 3474; x_wconf 89' lang='lat' dir='ltr'><strong>non</strong></span> <span class='ocrx_word' id='word_1_281' title='bbox 917 3409 1084 3473; x_wconf 86' lang='lat' dir='ltr'><strong>ferre</strong></span> <span class='ocrx_word' id='word_1_282' title='bbox 1126 3409 1457 3473; x_wconf 87' lang='lat' dir='ltr'><strong>hominem</strong></span> <span class='ocrx_word' id='word_1_283' title='bbox 1500 3407 2009 3493; x_wconf 89' lang='lat' dir='ltr'><strong>pestilentiorem</strong></span> <span class='ocrx_word' id='word_1_284' title='bbox 2053 3406 2263 3492; x_wconf 90' lang='lat' dir='ltr'><strong>patria</strong></span> 
     </span>
     <span class='ocr_line' id='line_1_35' title="bbox 238 3495 2261 3583; baseline -0.001 -21"><span class='ocrx_word' id='word_1_285' title='bbox 238 3519 382 3583; x_wconf 82' lang='lat' dir='ltr'><strong>sua3</strong></span> <span class='ocrx_word' id='word_1_286' title='bbox 448 3519 720 3582; x_wconf 91' lang='lat' dir='ltr'><strong>eumque</strong></span> <span class='ocrx_word' id='word_1_287' title='bbox 785 3497 1110 3562; x_wconf 91' lang='lat' dir='ltr'><strong>addictum</strong></span> <span class='ocrx_word' id='word_1_288' title='bbox 1170 3497 1300 3561; x_wconf 90' lang='lat' dir='ltr'><strong>iam</strong></span> <span class='ocrx_word' id='word_1_289' title='bbox 1357 3498 1405 3582; x_wconf 90' lang='lat'>†</span> <span class='ocrx_word' id='word_1_290' title='bbox 1457 3501 1598 3562; x_wconf 89' lang='lat' dir='ltr'><strong>tum</strong></span> <span class='ocrx_word' id='word_1_291' title='bbox 1661 3500 1820 3582; x_wconf 91' lang='lat' dir='ltr'><strong>puto</strong></span> <span class='ocrx_word' id='word_1_292' title='bbox 1885 3517 2019 3561; x_wconf 90' lang='lat' dir='ltr'><strong>esse</strong></span> <span class='ocrx_word' id='word_1_293' title='bbox 2081 3495 2261 3561; x_wconf 85' lang='lat' dir='ltr'><strong>Calvi</strong></span> 
     </span>
    </p>
   </div>
  </div>
 </body>
</html>
