2567 3884
313 160 444 224 378
1074 160 1593 216 EPISTULARUM

1269 373 1381 440 XI.

844 494 958 550 Ser.
998 494 1208 550 Romae
1236 497 1413 563 paulo
1451 502 1580 564 post
1614 512 1697 564 ep.
1737 495 1812 549 X.

1016 615 1272 671 CICERO
1312 615 1557 670 BRUTO
1598 616 1650 671 S.

241 760 269 808 1
445 741 610 818 Quia
655 764 907 826 semper
952 741 1379 806 animadverti
1422 742 1709 807 studiose
1756 746 1821 805 te
1868 763 2131 825 operam
2172 741 2351 825 ·,dare

309 834 383 894 ut
428 852 509 894 ne
556 831 713 914 quid
756 852 1049 895 meorum
1093 831 1218 894 tibi
1255 834 1421 895 esset
1466 831 1782 916 ignotum,
1827 834 2174 931 propterea
2219 852 2352 893 non
2405 846 2429 886 5

310 918 556 1004 dubito,
603 919 762 1003 quin
807 919 985 1003 sciaS,
1029 939 1164 983 non
1199 920 1410 982 solum
1446 919 1629 982 cuius
1663 917 2001 1019 municipii
2047 918 2193 1001 sim,
2240 917 2354 982 sed

310 1007 506 1070 etiam
561 1028 756 1091 quam
812 1006 1156 1093 diligenter
1214 1006 1455 1071 soleam
1509 1027 1689 1070 meos
1742 1006 2102 1089 municipes
2156 1004 2352 1090 Arpi-

308 1095 479 1158 natis
525 1094 712 1158 tueri.
804 1093 1095 1170 Quorum
1141 1095 1403 1178 quidem
1450 1095 1667 1159 omnia
1716 1095 2054 1158 commoda
2100 1116 2353 1158 omnes-

311 1204 435 1265 que
481 1182 836 1266 facultateS,
883 1183 1119 1266 quibus
1165 1187 1230 1246 et
1276 1204 1456 1246 sacra
1492 1183 1803 1246 conficere
1849 1186 1915 1246 et
1959 1185 2134 1246 sarta
2178 1185 2355 1246 tecta

311 1270 565 1334 aedium
620 1291 944 1334 sacrarum
1002 1271 1421 1354 locorumque
1480 1270 1920 1334 communium
1977 1270 2150 1334 tueri
2203 1292 2352 1354 pos-
2378 1289 2427 1326 1⁰
2544 1351 2546 1354 Α

311 1358 472 1440 sint,
536 1358 896 1422 consistunt
959 1358 1028 1421 in
1093 1359 1173 1422 iis
1231 1359 1658 1444 vectigalibus
1671 1409 1691 1443 ,
1754 1379 1917 1458 quae
1973 1358 2222 1422 habent
2280 1359 2353 1422 in

308 1445 645 1529 provincia
693 1444 917 1509 Gallia
1008 1445 1115 1510 Ad
1159 1469 1234 1510 ea
1278 1447 1543 1511 visenda
1585 1447 2042 1531 pecuniasque,
2101 1467 2267 1529 quae
2314 1468 2353 1508 a

313 1533 558 1596 colonis
615 1533 955 1617 debentur,
1021 1534 1367 1620 exigendas
1421 1539 1755 1618 totamque
1808 1556 1947 1598 rem
2001 1538 2067 1598 et
2114 1556 2353 1620 cogno-

311 1620 609 1684 scendam
664 1625 729 1685 et
783 1622 1356 1687 administrandam
1412 1624 1662 1709 legatos
1716 1622 1964 1707 equites
2017 1621 2352 1686 Romanos

310 1708 623 1794 misimus,
669 1708 742 1785 Q.
785 1709 1114 1774 Fufidium
1160 1710 1231 1787 Q.
1278 1712 1342 1796 f.‚
1386 1710 1474 1774 Μ.
1510 1710 1822 1776 Faucium
1865 1709 1953 1774 M.
1991 1710 2054 1794 f.‚
2102 1709 2176 1786 Q.
2215 1709 2351 1773 Ma·
2380 1727 2428 1765 15

239 1814 272 1862 2
311 1796 623 1861 mercium
678 1796 750 1873 Q.
797 1798 839 1861 f.
938 1797 1100 1862 Peto
1163 1822 1202 1863 a
1263 1803 1331 1862 te
1394 1799 1463 1862 in
1524 1799 1837 1863 maiorem
1896 1799 2167 1862 modum
2230 1820 2349 1883 pro

311 1889 534 1949 nostra
586 1886 1080 1970 necessitudine,
1135 1890 1210 1951 ut
1254 1887 1379 1950 tibi
1426 1908 1500 1950 ea
1543 1908 1647 1950 res
1693 1907 1881 1950 curae
1927 1887 2013 1950 sit
2060 1908 2351 1969 operam-

311 1995 437 2058 que
502 1973 611 2038 des
625 2025 642 2058 ,
713 1978 790 2038 ut
850 1996 966 2058 per
1027 1978 1094 2038 te
1157 1996 1352 2059 quam
1424 1974 1939 2039 commodissime
2010 1975 2351 2060 negotium

310 2062 650 2146 municipii
705 2062 1191 2126 administretur
1243 2085 1439 2147 quam
1495 2063 1906 2147 primumque
1952 2063 2349 2147 conficiatur,

311 2150 631 2234 ipsosque,
678 2172 955 2233 quorum
990 2151 1254 2214 nomina
1290 2151 1536 2235 scripsi,
1581 2154 1655 2214 ut
1692 2173 1885 2235 quam
1919 2150 2349 2215 honorificen-
2378 2167 2428 2205 20

312 2237 560 2300 tissime
613 2260 733 2320 pro
788 2242 904 2302 tua
954 2243 1185 2302 natura
1239 2242 1307 2302 et
1360 2261 1554 2322 quam
1597 2238 2048 2302 liberalissime
2093 2242 2348 2303 tractes.

241 2341 275 2390 3
313 2323 532 2388 Bonos
576 2325 752 2389 viros
796 2325 879 2388 ad
920 2329 1101 2389 tuam
1144 2327 1683 2391 necessitudinem
1727 2326 2097 2390 adiunxeris
2141 2327 2353 2391 muni-

314 2413 682 2496 cipiumque
727 2413 1169 2499 gratissimum
1213 2415 1526 2479 beneficio
1577 2418 1691 2478 tuo
1740 2414 2131 2497 devinxeriS,
2186 2415 2353 2479 mihi

313 2521 466 2564 vero
527 2500 723 2564 etiam
785 2502 1034 2586 gratius
1099 2502 1325 2566 feceris
1338 2554 1356 2586 ,
1421 2503 1596 2586 quod
1658 2524 1806 2567 cum
1869 2524 2121 2586 semper
2180 2503 2352 2567 tueri

311 2588 671 2672 municipes
715 2610 894 2653 meos
929 2591 1255 2675 consuevi,
1302 2595 1445 2655 tum
1487 2591 1597 2654 hic
1641 2613 1845 2654 annus
1889 2591 2235 2675 praecipue
2271 2592 2355 2655 ad
2381 2605 2431 2651 25

310 2698 522 2741 meam
569 2698 788 2741 curam
834 2678 1248 2761 officiumque
1302 2679 1599 2763 pertinet.
1688 2677 1861 2742 Nam
1916 2679 2354 2743 constituendi

311 2764 652 2848 municipii
707 2786 896 2829 causa
946 2765 1074 2830 hoc
1127 2788 1297 2830 anno
1352 2767 1623 2830 aedilem
1676 2767 1887 2830 filium
1945 2789 2163 2831 meum
2210 2767 2355 2831 fieri

312 2853 493 2917 volui
539 2857 605 2917 et
648 2853 870 2917 fratris
923 2853 1133 2918 filium
1187 2858 1252 2918 et
1296 2854 1383 2918 M.
1434 2852 1755 2939 Caesium,
1809 2854 2143 2919 hominem
2186 2854 2355 2920 mihi

311 2942 592 3005 maxime
648 2941 1110 3028 necessarium3
1173 2941 1230 3005 is
1290 2943 1461 3006 enim
1519 2942 1940 3028 magistratus
1996 2943 2067 3007 in
2125 2947 2354 3008 nostro

310 3028 666 3112 municipio
731 3050 850 3092 nec
914 3029 1078 3093 alius
1142 3030 1315 3093 ullus
1379 3031 1581 3094 creari
1645 3031 1825 3094 solet.
1919 3029 2096 3106 Quos
2162 3031 2355 3096 coho·
2381 3047 2431 3085 3⁰

310 3118 586 3181 nestaris
632 3117 700 3179 in
745 3117 1100 3201 primisque
1145 3140 1266 3201 me,
1318 3118 1375 3182 si
1421 3140 1521 3182 res
1566 3142 1627 3202 p.
1674 3119 2014 3203 municipii
2059 3123 2176 3183 tuo
2224 3123 2356 3183 stu-

313 3203 439 3289 dio,
487 3203 825 3290 diligentia
868 3205 1031 3269 bene
1077 3206 1527 3270 administrata
1572 3206 1712 3271 erit.
1787 3206 1975 3283 Quod
2019 3210 2094 3270 ut
2141 3208 2356 3291 facias,

311 3295 377 3355 te
422 3292 837 3357 vehementer
882 3293 1078 3357 etiam
1125 3298 1319 3379 atque
1366 3295 1561 3358 etiam
1607 3315 1786 3381 rogo.
