2567 3884
917 191 1138 245 LIBER
1165 192 1244 245 VI
1283 198 1367 262 10,
1410 199 1492 248 11.
2104 193 2228 257 157

197 333 396 418 idque
439 337 516 398 ut
559 334 782 419 faciae,
838 334 1034 399 etiam
1087 338 1280 419 atque
1336 335 1531 399 etiam
1574 338 1640 399 te
1684 336 1929 400 hortor.
2022 333 2231 400 Simul
2268 353 2301 401 5

199 425 268 486 et
311 422 476 486 illud
520 423 661 507 tibi,
705 422 956 487 homini
1000 422 1394 507 peritissimo
1432 445 1649 487 rerum
1684 427 1750 487 et
1787 424 2229 508 exemplorum

199 513 268 574 et
314 510 524 574 omnis
567 511 924 595 vetustatiS‚
969 533 1051 574 ne
1096 511 1232 594 ipse
1280 511 1541 595 quidem
1586 512 1782 598 rudiS,
1828 512 1940 576 sed
1984 512 2053 575 in
2098 515 2229 575 stu—

201 598 310 661 dio
355 599 570 662 minus
613 599 914 683 fortasse,
961 620 1156 682 quam
1199 599 1457 683 vellem,
1514 599 1635 684 [et]
1684 600 1754 663 in
1796 600 1989 665 rebus
2034 603 2227 683 atque

137 703 174 745 5
200 706 324 751 usu
377 686 525 770 plus
579 686 799 771 etiam,
854 708 1048 770 quam
1092 687 1350 771 vellem,
1403 692 1693 752 versatus
1748 688 2031 772 spondeo
2039 740 2057 773 ‚
2103 687 2228 751 tibi

198 775 393 838 istam
456 774 870 838 acerbitatem
932 779 998 839 et
1068 775 1371 840 iniuriam
1434 796 1565 839 non
1639 775 2008 840 diuturnam
2070 775 2224 839 fore.

197 861 372 926 Nam
410 865 475 927 et
510 862 672 948 ipse,
719 863 831 947 qui
875 862 1228 946 plurimum
1263 867 1497 949 potest,
1544 864 1777 928 cotidie
1812 865 1976 929 mihi
2013 863 2224 928 delabi

201 951 285 1014 ad
335 951 726 1034 aequitatem
780 954 846 1015 et
899 952 981 1015 ad
1033 973 1248 1015 rerum
1293 955 1590 1016 naturam
1634 952 1918 1038 videtur,
1978 955 2043 1015 et
2087 951 2227 1035 ipsa

201 1059 392 1102 causa
438 1060 513 1102 ea
557 1043 671 1124 est,
715 1043 790 1102 ut
834 1039 965 1102 iam
1010 1039 1203 1103 simul
1248 1061 1394 1103 cum
1439 1061 1507 1104 re
1551 1064 1632 1125 p.‚
1683 1061 1847 1124 quae
1891 1041 1961 1104 in
2004 1061 2225 1123 perpe-

118 1145 172 1185 ιο
198 1131 389 1191 tuum
447 1127 651 1191 iacere
708 1149 841 1192 non
896 1131 1136 1211 potest,
1199 1129 1558 1193 necessario
1620 1128 1971 1193 revivescat
2034 1131 2225 1211 atque

199 1218 554 1299 recreetur,
618 1215 980 1299 cotidieque
1043 1215 1289 1299 aliquid
1346 1217 1423 1280 fit
1479 1217 1687 1281 lenius
1750 1220 1816 1281 et
1876 1216 2225 1300 liberalius,

200 1325 397 1388 quam
440 1303 841 1368 timebamus
935 1302 1109 1378 Quae
1164 1303 1470 1387 quoniam
1514 1305 1584 1368 in
1637 1308 2001 1388 temporum
2046 1304 2225 1368 incli-

197 1391 574 1456 nationibus
629 1412 815 1476 saepe
867 1392 1086 1476 parvis
1137 1392 1351 1475 posita
1396 1395 1571 1476 sunt,
1632 1392 1848 1456 omnia
1898 1397 2226 1456 momenta

201 1480 686 1544 observabimus
721 1501 929 1563 neque
965 1480 1171 1544 ullum
1208 1481 1795 1564 praetermittemus
1828 1481 1929 1544 tui
1964 1481 2225 1546 iuvandi

121 1585 172 1625 15
201 1573 267 1633 et
325 1568 581 1633 levandi
642 1568 873 1632 locum.
963 1566 1188 1652 Itaque
1247 1569 1412 1632 illud
1469 1569 1772 1654 alterum,
1838 1569 2012 1653 quod
2070 1569 2222 1652 dixi,
2261 1587 2292 1633 6

197 1657 566 1721 litterarum
608 1678 812 1743 genus
856 1656 1091 1720 cotidie
1126 1656 1307 1741 mihi,
1352 1660 1426 1720 ut
1462 1678 1667 1742 spem,
1712 1658 1825 1721 fiet
1859 1656 2225 1741 proclivius,

200 1748 276 1809 ut
321 1745 518 1808 etiam
561 1744 854 1828 polliceri
906 1744 1166 1828 possim.
1255 1742 1335 1807 Id
1378 1767 1447 1808 re
1493 1766 1687 1828 quam
1730 1745 1945 1809 verbis
1994 1745 2226 1809 faciam

198 1833 526 1897 libentius.
616 1832 718 1896 Tu
757 1832 948 1897 velim
983 1832 1320 1896 ‚existimes
1366 1836 1430 1896 et
1472 1833 1678 1917 pluris
1723 1836 1788 1896 te
1835 1832 2073 1896 amicos
2116 1833 2225 1896 ha-

200 1921 372 2006 bere,
419 1942 614 2004 quam
659 1921 772 2004 qui
817 1921 885 1984 in
929 1921 1056 1984 isto
1104 1942 1251 1984 casu
1299 1920 1429 1984 sint
1474 1942 1547 1984 ac
1592 1920 1863 2004 fuerint,
1912 1925 2223 2005 quantum

123 2026 176 2064 20
203 2010 463 2095 quidem
509 2031 630 2095 ego
675 2009 1047 2094 intellegere
1081 2008 1430 2093 potuerim,
1478 2012 1543 2072 et
1586 2031 1690 2072 me
1736 2009 2077 2073 concedere
2124 2030 2225 2072 eo-

201 2120 347 2162 rum
392 2097 651 2161 nemini.
740 2095 1004 2161 Fortem
1049 2098 1151 2160 fac
1195 2097 1481 2160 animum
1524 2096 1762 2160 habeas
1799 2100 1865 2160 et
1898 2118 2225 2183 magnum,

202 2186 377 2270 quod
423 2189 518 2249 est
563 2186 632 2249 in
677 2206 806 2248 uno
851 2190 940 2270 te3
990 2206 1150 2269 quae
1197 2188 1347 2248 sunt
1390 2185 1459 2247 in
1504 2185 1781 2270 fortuna,
1826 2185 2225 2269 temporibus

201 2277 508 2361 regentur
552 2277 618 2338 et
663 2273 947 2337 consiliis
990 2273 1230 2337 nostris
1272 2272 1800 2356 providebuntur.

1154 2429 1265 2495 XI.

121 2571 175 2612 25
535 2552 648 2607 Ser.
686 2553 750 2606 in
793 2552 1101 2606 Tusculano
1137 2553 1214 2606 in.
1252 2569 1322 2606 m.
1360 2551 1491 2604 Iun.
1530 2567 1582 2605 a.
1628 2553 1739 2605 709
1777 2554 1916 2620 (45).

713 2675 788 2730 M.
827 2672 1082 2728 CICERO
1121 2672 1174 2727 S.
1211 2672 1278 2726 D.
1318 2671 1706 2728 TREBIANO.

335 2800 743 2866 Dolabellam
803 2804 989 2864 antea
1049 2803 1305 2862 tantum
1362 2799 1556 2862 modo
1618 2799 1999 2885 diligebam,
2066 2796 2225 2861 obli-
2268 2817 2291 2862 1

201 2894 393 2978 gatus
440 2890 500 2955 ei
543 2889 711 2953 nihil
756 2910 929 2953 eram
985 2885 1131 2974 (nec
1187 2887 1359 2950 enim
1406 2886 1719 2950 acciderat
1763 2886 1927 2951 mihi
1970 2887 2019 2969 †
2065 2907 2227 2969 opus

202 3001 370 3064 esse,
433 2982 497 3041 et
550 2978 659 3041 ille
713 2977 876 3040 mihi
933 2976 1205 3040 debebat
1216 3026 1234 3059 ‚
1302 2975 1474 3059 quod
1526 2997 1659 3038 non
1720 2975 2044 3038 defueram
2089 2974 2226 3037 eius

122 3085 175 3124 ³⁰
199 3062 562 3153 periculis);
624 3086 795 3129 nunc
851 3067 1033 3128 tanto
1097 3085 1240 3127 sum
1305 3063 1635 3127 devinctus
1698 3063 1833 3126 eius
1897 3061 2226 3146 beneficiO,

202 3156 379 3240 quod
424 3157 488 3218 et
533 3157 720 3217 antea
763 3153 832 3216 in
876 3175 944 3216 re
991 3156 1056 3215 et
1100 3150 1225 3215 hoc
1267 3155 1556 3235 tempore
1602 3151 1671 3214 in
1716 3150 1921 3214 salute
1965 3154 2079 3214 tua
2124 3172 2227 3213 cu-

199 3242 625 3308 mulatissime
677 3241 842 3305 mihi
897 3241 1050 3304 satis
1095 3239 1273 3324 fecit,
1329 3244 1402 3303 ut
1454 3238 1698 3302 nemini
1724 3287 1729 3290 -
1751 3239 1897 3323 plus
1945 3239 2223 3302 debeam.

202 3331 345 3407 Qua
390 3331 460 3394 in
504 3352 573 3394 re
618 3330 742 3393 tibi
787 3329 1080 3415 gratulor
1124 3328 1216 3391 ita
1257 3328 1695 3412 vehementer,
1742 3331 1815 3390 ut
1858 3330 1925 3391 te
1970 3347 2224 3411 quoque

199 3419 366 3483 mihi
439 3419 751 3505 gratulari
815 3439 1008 3501 quam
1070 3415 1312 3502 gratias
1377 3437 1563 3500 agere
1626 3415 1878 3500 malim3
1951 3415 2225 3478 alterum

115 3524 171 3565 35
201 3508 469 3572 omnino
513 3529 645 3571 non
693 3506 980 3570 desidero
988 3556 1009 3591 ,
1067 3505 1341 3568 alterum
1386 3526 1534 3568 vere
1579 3505 1785 3568 facere
1829 3504 2089 3587 poteris
