2567 3884
818 163 1036 216 LIBER
1071 164 1123 217 V
1163 169 1247 231 15,
1289 170 1370 218 16.
1985 164 2109 228 127

78 327 203 392 ego
251 309 444 389 atque
488 309 581 391 tu,
628 306 802 389 quod
845 326 926 370 ne
963 306 1032 369 in
1067 311 1350 371 mentem
1386 307 1645 391 quidem
1680 306 1870 371 nobis
1902 308 2114 372 venie-

77 394 194 458 bat
239 396 505 478 propter
551 394 908 458 cotidianos
961 398 1198 479 metus,
1255 417 1444 459 omne
1488 399 1743 480 tempus
1787 417 1915 459 una
1958 396 2113 460 fuis—-

78 503 324 567 semus,
387 503 594 564 neque
657 503 760 545 me
824 481 1125 546 valetudo
1189 486 1303 546 tua
1366 484 1716 547 offenderet
1774 505 1982 566 neque
2043 487 2109 547 te

75 591 334 633 maeror
375 591 572 633 meus.
664 568 868 654 Quod,
921 574 1232 652 quantum
1277 571 1421 635 fieri
1464 571 1721 655 poterit,
1767 592 2112 654 consequa-

23 674 50 714 5
77 680 254 742 mur;
292 657 448 740 quid
485 657 657 721 enim
694 661 791 721 est
827 658 1086 741 utrique
1112 662 1408 723 nostrum
1436 660 1691 743 aptius?
1726 657 2109 743 Propediem

75 750 141 808 te
188 745 394 830 igitur
436 744 686 809 videbo.

1008 903 1180 969 XVI.

261 1023 375 1078 Ser.
414 1005 648 1092 Romae,
686 1031 750 1079 ut
785 1026 1016 1092 videtwr,
1053 1027 1179 1081 circ.
1218 1043 1285 1080 m.
1327 1025 1504 1080 Mart.
1543 1044 1593 1079 a.
1637 1028 1749 1080 702
1788 1027 1925 1093 (52).

681 1146 759 1200 M.
798 1145 1053 1202 CICERO
1093 1147 1146 1201 S.
1183 1147 1250 1202 D.
1290 1147 1501 1202 TITIO.

0 1293 45 1330 ιο
214 1270 358 1334 Etsi
413 1293 579 1335 unus
635 1293 715 1335 ex
769 1272 1067 1336 omnibus
1124 1272 1391 1336 minime
1445 1295 1589 1337 sum
1642 1273 1723 1337 ad
1776 1276 1841 1337 te
1888 1294 2106 1337 consou
2147 1292 2174 1338 1

71 1359 342 1422 landum
389 1359 929 1444 accommodatus,
976 1360 1150 1444 quod
1193 1364 1449 1424 tantum
1493 1383 1572 1425 ex
1618 1362 1748 1425 tuis
1791 1361 2106 1425 molestiis

74 1448 221 1531 cepi
267 1447 526 1531 doloris,
573 1451 647 1510 ut
692 1448 1128 1512 consolatione
1173 1448 1310 1532 ipse
1356 1471 1638 1535 egerem,
1682 1453 1916 1534 tamen,
1962 1471 2107 1513 cum

71 1535 339 1621 longius
385 1558 423 1598 a
468 1535 703 1599 summi
746 1535 958 1600 luctus
1005 1536 1352 1600 acerbitate
1398 1559 1578 1601 meus
1628 1538 1878 1601 abesset
1923 1537 2109 1602 dolor

73 1645 275 1708 quam
320 1627 501 1707 tuus,
548 1623 744 1687 statui
789 1627 1046 1688 nostrae
1090 1625 1578 1688 necessitudinis
1623 1646 1758 1689 esse
1802 1646 2107 1709 meaeque

0 1730 42 1770 15
71 1713 148 1776 in
202 1715 268 1774 te
322 1710 794 1775 benivolentiae
846 1734 978 1777 non
1031 1714 1240 1776 tacere
1298 1716 1481 1776 tanto
1537 1713 1605 1776 in
1658 1717 1773 1777 tuo
1819 1735 2107 1778 maerore

70 1804 214 1863 tam
253 1799 380 1883 din,
428 1800 538 1863 sed
574 1799 878 1864 adhibere
915 1800 1196 1884 aliquam
1228 1801 1549 1864 modicam
1586 1801 2105 1885 consolationem,

71 1908 244 1972 quae
287 1887 499 1951 levare
547 1887 833 1952 dolorem
879 1892 1063 1952 tuum
1107 1892 1342 1975 posset,
1388 1889 1443 1953 si
1487 1889 1702 1953 minus
1738 1911 1960 1953 sanare
1994 1910 2107 1973 po-

69 1976 326 2040 tuisset.

213 2063 335 2126 Est
380 2066 594 2127 autem
641 2063 992 2128 consolatio
1039 2065 1418 2150 pervulgata
1464 2065 1723 2148 quidem
1759 2065 1873 2128 illa
1906 2064 2105 2128 maxi-
2142 2081 2174 2129 2

0 2173 39 2211 ιο
69 2173 208 2236 me,
267 2172 459 2235 quam
514 2173 764 2236 semper
817 2153 886 2215 in
942 2173 1052 2215 ore
1107 2155 1299 2235 atque
1345 2153 1415 2216 in
1459 2153 1673 2216 animo
1718 2152 1956 2216 habere
2002 2152 2105 2216 de-

68 2241 338 2324 bemus,
401 2239 695 2303 homines
757 2261 876 2303 nos
943 2242 1016 2302 ut
1083 2261 1218 2303 esse
1281 2240 1764 2304 meminerimus
1827 2263 1901 2305 ea
1961 2241 2104 2326 lege

67 2331 296 2411 natOS,
360 2330 434 2390 ut
498 2327 798 2392 omnibus
860 2327 1007 2390 telis
1069 2328 1367 2392 fortunae
1430 2329 1762 2413 proposita
1824 2329 1909 2393 sit
1971 2328 2106 2393 vita

67 2418 330 2499 nostra,
394 2436 602 2499 neque
659 2437 796 2479 esse
853 2416 1300 2500 recusandum,
1365 2438 1493 2500 quo
1547 2417 1761 2480 minus
1816 2439 1915 2501 ea,
1979 2438 2106 2500 qua
2172 2427 2177 2434 ‘

65 2503 217 2569 nati
255 2524 492 2587 sumus,
539 2503 910 2567 condicione
946 2503 1254 2588 vivamus,
1298 2525 1459 2568 neve
1504 2508 1639 2568 tam
1675 2505 1960 2591 graviter
1995 2526 2105 2569 eos

0 2612 37 2651 ‚5
69 2613 265 2657 casus
328 2591 637 2675 feramUS,
702 2612 864 2675 quos
926 2591 1104 2654 nullo
1169 2592 1438 2656 consilio
1501 2593 1706 2657 vitare
1767 2593 2104 2678 possimne,

67 2678 452 2779 eventisque
505 2678 780 2742 aliorum
823 2679 1132 2743 memoria
1176 2680 1541 2764 repetendis
1592 2681 1759 2744 nihil
1803 2680 2105 2744 accidisse

65 2766 232 2833 novi
276 2766 467 2830 nobis
513 2767 885 2853 cogitemus.
2129 2776 2136 2784 ‘

208 2853 440 2938 Neque
483 2855 604 2919 hae
649 2876 856 2939 neque
902 2857 1146 2918 ceterae
1192 2855 1686 2941 consolationes,
1746 2877 1908 2940 quae
1953 2858 2104 2918 sunt
2140 2872 2172 2920 3

67 2967 107 3008 a
167 2942 660 3026 sapientissimis
713 2943 870 3007 viris
932 2946 1273 3027 usurpatae
1335 2944 1807 3028 memoriaeque
1868 2942 2105 3006 litteris
2201 2982 2206 2989 ·

0 3054 35 3092 o
65 3031 399 3117 proditae,
457 3034 711 3095 tantum
764 3031 1064 3095 videntur
1114 3033 1428 3115 proficere
1482 3032 1737 3115 debere,
1792 3033 2104 3115 quantum

65 3123 284 3185 status
337 3119 475 3203 ipse
527 3122 785 3184 nostrae
840 3118 1119 3183 civitatis
1173 3123 1238 3183 et
1291 3120 1450 3184 haec
1500 3082 1902 3204 perturbatio
1947 3122 2105 3182 tem-

62 3230 310 3294 porum
371 3207 797 3292 perditorum,
862 3228 1008 3271 cum
1070 3207 1426 3271 beatissimi
1480 3209 1635 3292 sint,
1700 3207 1812 3291 qui
1864 3206 2104 3271 liberos

62 3320 205 3362 non
252 3299 694 3381 susceperunt,
739 3295 953 3359 minus
999 3298 1214 3359 autem
1257 3295 1503 3380 miseri,
1558 3296 1670 3379 qui
1715 3295 1817 3359 his
1860 3298 2105 3380 tempo-

62 3387 256 3451 ribus
317 3385 669 3448 amiserunt
685 3434 703 3467 ,
767 3405 958 3467 quam
1017 3383 1072 3447 si
1131 3384 1389 3447 eosdem
1440 3384 1613 3448 bona
1666 3387 1777 3448 aut
1832 3383 2103 3468 denique

0 3493 29 3534 5
63 3475 292 3558 aliqua
335 3493 405 3538 re
449 3495 510 3557 p.
555 3471 998 3557 perdidissent.
1091 3470 1335 3547 Quodsi
1377 3475 1564 3537 tuum
1608 3476 1673 3536 te
1720 3471 2104 3536 desiderium
2140 3488 2175 3536 4

2136 3706 2154 3838 1,
