2567 3884
880 182 1099 235 LIBER
1134 182 1266 235 xm
1303 186 1532 237 55—67.
2105 182 2238 246 409

182 346 293 389 eos
322 328 389 388 et
418 322 853 407 Ἀλαβανὸεῖς
882 325 1106 390 iubeas
1136 326 1386 389 ecdicos
1413 325 1690 390 Romam
1717 326 1993 390 mittere.
2047 324 2237 390 Prae·
2274 343 2306 390 2

180 417 361 477 terea
386 412 715 477 Philocles
734 411 1204 477 Alabandensis
1230 414 1581 497 ὑποθήκας
1601 412 1830 477 Cluvio
1860 413 2052 477 dedit.
2099 413 2233 478 Eae

185 501 570 565 commissae
624 505 790 565 sunt.
882 500 1102 567 Velim
1159 524 1367 587 cure,
1427 506 1502 566 ut
1558 506 1670 566 aut
1718 501 1794 565 de
1847 502 2232 586 hypothecis

188 589 457 653 decedat
511 610 745 673 easque
796 591 1328 674 procuratoribus
1385 588 1574 654 Cluvi
1630 590 1843 654 tradat
1889 594 2000 652 aut
2045 612 2234 674 pecu-

135 698 159 737 5
185 678 366 742 niam
413 678 647 763 solvat,
693 681 1024 762 praeterea
1067 677 1488 743 Heracleotae
1534 682 1598 742 et
1643 678 2071 764 Bargylietae,
2119 679 2232 762 qui

187 767 351 830 item
398 765 660 850 debent,
714 770 827 830 aut
880 767 1220 851 pecuniam
1267 767 1520 832 solvant
1567 770 1678 830 aut
1733 766 2050 830 fructibus
2098 766 2230 830 suis

188 854 351 918 satis
409 854 666 918 faciant.
760 852 989 918 Caunii
1048 859 1379 939 praeterea
1434 855 1699 939 debent,
1761 854 1874 919 sed
1927 855 2108 918 aiunt
2161 876 2229 918 se
2267 870 2300 918 3

191 942 553 1027 depositam
596 943 935 1026 pecuniam
979 943 1299 1007 habuisse.
1389 942 1467 1008 Id
1512 943 1708 1008 velim
1754 964 2102 1030 cognoscas
2148 946 2230 1026 et,

191 1032 249 1095 si
302 1030 699 1094 intellexeris
756 1052 865 1095 eos
920 1052 1127 1115 neque
1182 1053 1263 1095 ex
1319 1032 1528 1096 edicto
1583 1053 1791 1115 neque
1847 1054 1927 1095 ex
1973 1032 2229 1095 decreto

13 1152 17 1195 g
114 1140 163 1177 10
193 1119 555 1203 depositam
599 1119 919 1203 habuisse,
967 1119 1076 1182 des
1123 1141 1414 1205 operam,
1462 1124 1536 1183 ut
1581 1142 1811 1184 usurae
1861 1117 2089 1183 Cluvio
2136 1120 2231 1182 in-

190 1208 425 1271 stituto
473 1211 588 1271 tuo
636 1211 1114 1271 conserventur.

324 1294 451 1359 His
497 1295 574 1358 de
620 1296 813 1359 rebus
851 1318 927 1359 eo
963 1295 1172 1382 magis
1218 1296 1464 1379 labor0,
1512 1295 1687 1379 quod
1723 1296 1940 1382 agitur
1976 1318 2078 1359 res
2116 1294 2229 1359 Cn.

187 1384 463 1468 Pompei
498 1383 712 1468 etiam,
757 1384 966 1448 nostri
1000 1384 1359 1468 necessarii,
1405 1388 1469 1448 et
1506 1383 1682 1468 quod
1707 1384 1763 1447 is
1789 1384 1999 1470 magis
2036 1384 2231 1448 etiam

191 1472 357 1537 miln·
418 1472 715 1536 laborare
772 1472 1029 1536 videtur
1088 1494 1281 1556 quam
1345 1472 1482 1556 ipse
1544 1470 1840 1557 Cluvius3
1906 1473 2010 1536 cui
2075 1473 2232 1536 satis

117 1581 165 1619 15
192 1561 438 1625 factum
486 1582 623 1625 esse
668 1582 707 1624 a
754 1560 945 1625 nobis
989 1560 1175 1624 valde
1220 1560 1388 1624 volo.
1479 1559 1602 1623 His
1650 1560 1727 1623 de
1778 1560 1971 1624 rebus
2016 1564 2082 1624 te
2128 1582 2232 1625 ve-

191 1648 530 1714 hementer
574 1648 769 1713 etiam
820 1653 1013 1733 atque
1060 1649 1255 1712 etiam
1303 1669 1484 1734 rogo,

1111 1876 1314 1941 LVII.

572 1996 688 2052 Ser.
727 1997 1037 2053 Laodiceae
1071 2000 1149 2051 in.
1187 2016 1256 2051 m.
1295 1997 1438 2066 Apr.
1475 2015 1528 2051 a.
1569 2002 1679 2051 704
1718 1999 1857 2064 (50).

715 2118 972 2174 CICERO
1011 2118 1321 2173 THERMO
1362 2118 1618 2173 PROPR.
1662 2118 1714 2173 S.
1775 2202 1781 2208 .

9 2302 11 2341 ς
122 2286 170 2323 20
330 2265 473 2342 Quo
538 2263 748 2350 magis
812 2264 1048 2329 cotidie
1112 2285 1193 2328 ex
1252 2264 1492 2327 litteris
1554 2262 1928 2346 nuntiisque
1987 2263 2233 2328 bellum
2275 2282 2304 2330 1

194 2376 506 2441 mag-num
551 2374 687 2416 esse
731 2352 802 2415 in
849 2350 1037 2435 Syria
1083 2372 1400 2438 cognosco
1410 2402 1428 2435 ,
1475 2372 1550 2415 eo
1596 2351 2041 2416 vehementius
2086 2375 2126 2416 a
2169 2356 2235 2417 te

193 2464 313 2526 pro
348 2445 575 2505 nostra
609 2440 1078 2505 necessitudine
1108 2440 1445 2524 contend0,
1481 2443 1555 2503 ut
1590 2439 1755 2504 mihi
1790 2440 1876 2505 M.
1906 2439 2235 2505 Anneium

193 2532 484 2618 legatum
546 2529 758 2613 primo
824 2550 1080 2613 quoque
1140 2531 1432 2611 tempore
1497 2528 1816 2614 remittas3
1880 2552 2031 2593 nam
2097 2530 2234 2593 eius

195 2641 417 2703 opera,
475 2617 771 2701 consilio,
829 2617 1097 2680 scientia
1151 2616 1245 2680 rei
1299 2615 1601 2680 militaris
1654 2617 1760 2681 vel
1812 2618 2092 2681 maxime
2140 2617 2234 2679 in-

119 2724 167 2763 25
192 2708 436 2793 tellego
490 2727 594 2770 me
650 2709 714 2769 et
769 2727 907 2770 rem
950 2728 1011 2789 p.
1059 2704 1350 2768 adiuvari
1395 2725 1600 2788 posse.
1693 2702 2007 2779 Quodnisi
2052 2707 2234 2767 tanta

193 2818 295 2860 res
341 2794 482 2859 eius
527 2796 851 2880 ageretur,
906 2814 1024 2857 nec
1068 2793 1205 2877 ipse
1251 2792 1482 2856 adduci
1526 2793 1870 2877 potuisset,
1926 2795 2000 2855 ut
2047 2815 2086 2854 a
2129 2814 2233 2855 me

194 2882 575 2966 discederet,
621 2903 829 2965 neque
876 2903 997 2967 ego
1006 2932 1024 2965 ,
1071 2883 1145 2945 ut
1191 2902 1338 2944 eum
1376 2903 1414 2943 a
1449 2903 1551 2944 me
1601 2880 2011 2943 dimitterem.
2085 2878 2232 2965 Ego

191 2974 261 3036 in
301 2970 596 3036 Ciliciam
640 2970 963 3054 proficisci
1002 2970 1219 3056 cogito
1258 2970 1513 3032 circiter
1549 2968 1628 3031 K.
1665 2966 1814 3031 Mai.
1881 2967 2054 3031 Ante
2093 2989 2234 3031 eam

194 3062 367 3125 diem
411 3057 499 3122 M.
544 3057 836 3123 Anneius
892 3059 972 3121 ad
1025 3080 1128 3121 me
1175 3058 1393 3121 redeat
1441 3059 1713 3139 oportet.
1805 3054 2002 3140 Illud,
2061 3057 2235 3137 quod
2273 3073 2305 3120 2

119 3167 167 3205 80
191 3154 410 3213 tecum
466 3150 530 3210 et
583 3167 799 3210 coram
854 3149 921 3210 et
971 3168 1089 3229 per
1140 3146 1391 3208 litteras
1448 3144 1940 3229 diligentissime
1988 3143 2122 3228 egi,
2168 3143 2237 3207 id

192 3242 258 3301 te
318 3256 493 3299 nunc
555 3235 750 3298 etiam
811 3238 1003 3317 atque
1074 3234 1268 3297 etiam
1330 3254 1490 3317 rogo
1553 3252 1742 3295 curae
1804 3232 1930 3295 tibi
1991 3232 2102 3315 sit,
2162 3236 2237 3295 ut

194 3348 383 3390 suum
451 3323 812 3408 negotium,
878 3321 1053 3406 quod
1117 3321 1317 3384 habet
1383 3341 1529 3384 cum
1592 3319 1836 3403 populo
1904 3317 2236 3405 SardianO,

191 3435 311 3498 pro
388 3432 612 3475 causae
682 3412 955 3475 veritate
1029 3412 1093 3473 et
1163 3431 1282 3492 pro
1359 3430 1474 3471 sua
1539 3407 1854 3493 dignitate
1921 3409 2235 3474 conficiat.

190 3500 494 3566 Intellexi
540 3521 618 3562 ex
664 3503 778 3563 tua
823 3498 1141 3581 oratione,
1177 3518 1350 3563 ,cum
1409 3499 1623 3559 tecum
1677 3495 1924 3579 Ephesi
1978 3496 2237 3561 locutus
