2567 3884
916 183 1133 236 LIBER
1169 184 1220 236 X
1257 189 1449 238 8-10,
2071 185 2202 248 269

149 347 299 388 cum
362 326 888 410 immortalitate,
949 331 1023 390 ut
1083 327 1219 390 sine
1275 327 1358 390 iis
1416 327 1583 390 1111111
1645 327 1721 390 de
1780 349 1925 391 meo
1986 329 2201 392 studio

147 415 763 498 perseverantiaque
811 415 934 480 sim
988 415 1387 478 remissurus
1477 413 1625 479 Nisi
1671 415 1739 478 in
1785 415 2200 480 multitudine

151 502 560 585 optimorum
607 504 848 567 civium
893 503 1171 586 impetus
1209 503 1408 566 animi
1454 504 1582 566 mei
1619 503 1815 566 fuerit
1854 504 2199 589 singularis

150 595 214 654 et
252 613 460 674 opera
503 592 864 676 praecipua,
910 591 1075 654 nihil
1111 591 1193 654 ad
1227 613 1437 654 meam
1476 591 1857 676 dignitatem
1904 592 2199 656 accedere

72 699 97 737 5
150 679 302 742 volo
343 679 810 764 suffragatione
849 683 1076 743 vestra.
1145 679 1543 762 Concupisco
1582 683 1798 743 autem
1834 680 2000 743 nihil
2035 680 2200 743 mihi
2239 697 2269 746 3

153 765 416 853 (contra
476 768 650 850 quod
703 768 840 852 ipse
893 763 1171 853 pugno)3
1227 771 1291 830 et
1346 767 1657 850 temporis
1704 771 1767 830 et
1814 768 1908 830 rei
1954 772 2018 831 te
2064 790 2199 831 mo-

152 856 526 920 deratorem
553 855 740 919 facile
777 856 992 938 patior
1029 876 1180 918 6886.
1245 855 1434 919 Ν11111
1472 859 1581 918 aut
1628 877 1770 919 sero
1818 860 1929 919 aut
1968 856 2199 941 exigue

151 965 188 1006 a
232 944 458 1028 patria
505 943 630 1007 civi
675 944 997 1007 tributum
1039 947 1253 1026 potest
1298 943 1519 1007 videri.

283 1032 676 1096 Exercitum
739 1055 790 1094 a.
854 1032 909 1094 d.
975 1049 1050 1094 VI
1111 1031 1190 1094 K.
1253 1030 1459 1094 Maias
1522 1031 1910 1095 Rhodanum
1974 1032 2198 1095 traieci

79 1141 126 1179 10
150 1121 417 1206 magnis
472 1120 844 1203 itineribus,
898 1118 1152 1182 Vienna
1205 1120 1453 1202 equites
1510 1120 1689 1183 mille
1743 1121 1849 1183 via
1901 1120 2197 1184 breviore

150 1208 484 1291 praemisi.
574 1206 747 1292 Ipse,
793 1208 849 1270 si
895 1207 975 1270 ab
1021 1207 1267 1290 Lepido
1314 1230 1445 1271 non
1491 1208 1822 1292 impediar,
1870 1209 2197 1272 celeritate

154 1297 312 1360 satis
364 1296 624 1381 faciam,
687 1296 741 1358 si
801 1299 1016 1359 autem
1070 1295 1290 1359 itineri
1349 1317 1493 1359 meo
1550 1318 1617 1360 se
1678 1297 2055 1380 opposierit,
2117 1297 2198 1360 ad

153 1388 417 1469 tempus
475 1385 816 1448 consilium
872 1384 1134 1467 capiam.
1229 1383 1463 1467 Copias
1518 1384 1762 1447 adduco
1820 1388 1883 1448 et
1928 1407 2197 1470 numero

155 1477 218 1536 et
265 1495 507 1559 genere
565 1477 630 1536 et
683 1472 994 1535 fidelitate
1049 1472 1467 1535 firmissimas,
1516 1471 1632 1556 Te,
1679 1477 1751 1536 ut
1799 1473 2031 1559 diligas
2076 1496 2197 1558 me,

83 1578 130 1617 15
157 1561 211 1624 si
256 1565 493 1625 mutuo
541 1564 607 1625 te
653 1562 975 1624 facturum
1021 1561 1160 1645 scis,
1207 1582 1386 1645 rogo.
1478 1558 1657 1624 Vale.

1141 1787 1218 1851 X.

569 1909 683 1964 Ser.
723 1910 931 1964 Romae
967 1909 1080 1960 III
1110 1908 1182 1962 K.
1223 1908 1364 1977 Apr.
1407 1927 1459 1963 a.
1502 1911 1605 1962 711
1650 1912 1785 1977 (43).

872 2029 1128 2084 CICERO
1174 2030 1478 2085 PLANCO.

295 2173 443 2237 Etsi
505 2174 660 2238 satis
717 2196 795 2238 ex
848 2173 1092 2238 Furnio
1146 2179 1371 2238 nostro
1420 2195 1803 2260 cognoram,
1869 2197 2030 2258 quae
2084 2179 2197 2239 tua
2239 2196 2265 2242 1

83 2283 131 2322 20
158 2263 489 2345 voluntaS,
556 2262 728 2345 quod
783 2263 1121 2326 consilium
1179 2263 1254 2326 de
1310 2285 1378 2326 re
1433 2286 1494 2346 p.
1542 2266 1732 2346 esset,
1796 2267 2013 2327 tamen
2066 2265 2197 2327 tuis

156 2351 398 2414 litteris
471 2350 655 2413 lectis
727 2350 1038 2433 liquidius
1103 2350 1177 2414 de
1241 2355 1384 2414 toto
1459 2372 1647 2414 sensu
1720 2355 1835 2414 tuo
1900 2352 2195 2416 iudicavi.

158 2438 370 2515 Quam
427 2438 511 2501 ob
568 2460 730 2521 rem,
787 2460 1174 2522 quamquam
1220 2439 1291 2502 in
1336 2461 1466 2502 uno
1520 2439 1768 2522 proelio
1817 2442 2025 2504 omnis
2071 2442 2199 2504 for-

156 2531 320 2590 tuna
365 2526 462 2589 rei
505 2549 566 2610 p.
617 2527 928 2609 disceptat
975 2525 1179 2612 (quod
1216 2527 1494 2611 quidem,
1541 2548 1687 2591 cum
1731 2529 1889 2592 haec
1932 2530 2197 2615 legeres,

156 2615 290 2678 iam
337 2614 665 2678 decretum
711 2613 1075 2678 arbitrabar
1111 2614 1305 2702 fore),
1351 2619 1569 2678 tamen
1613 2616 1753 2698 ipsa
1799 2618 1986 2701 fama,
2035 2639 2196 2700 quae

83 2721 131 2760 25
160 2703 237 2766 de
285 2706 402 2765 tua
445 2702 777 2766 voluntate
822 2703 1240 2787 percrebruit,
1290 2726 1591 2789 magnam
1640 2725 1705 2766 68
1750 2704 2005 2767 laudem
2053 2726 2197 2768 con-

158 2794 435 2855 secutus.
523 2788 776 2874 Itaque,
823 2791 879 2853 si
926 2792 1252 2855 consulem
1296 2789 1540 2855 Romae
1584 2792 2047 2876 habuissemus,
2096 2791 2197 2855 de-

160 2879 477 2942 claratum
531 2882 696 2942 esset
743 2879 824 2941 ab
881 2883 1105 2942 senatu
1153 2901 1299 2943 cum
1345 2880 1475 2942 tuis
1520 2880 1772 2965 magnis
1819 2879 2195 2964 1101101110118,

160 2989 356 3050 quam
411 2970 635 3052 gratus
691 2970 854 3030 esset
911 2971 1178 3030 conatus
1225 2971 1290 3030 et
1350 2971 1693 3050 apparatus
1739 2971 1905 3031 tuus.
1999 2967 2195 3031 Cuius

159 3055 252 3118 rei
299 3075 434 3117 11011
479 3055 672 3118 1110ᾶο
718 3077 851 3118 11011
895 3055 1227 3138 praeteriit
1273 3058 1547 3138 tempUS,
1596 3055 1706 3118 sed
1741 3077 1822 3118 ne
1868 3059 2194 3119 maturum

85 3160 133 3200 ao
161 3142 425 3226 quidem
471 3143 666 3207 etiam
710 3165 880 3206 nunc
916 3165 1060 3206 meo
1099 3143 1357 3226 quidem
1394 3143 1633 3206 iudicio
1680 3143 1821 3206 fuit.
1911 3141 1975 3206 Is
2022 3143 2196 3207 enim

162 3230 438 3314 denique
473 3229 680 3294 honos
716 3231 878 3294 mihi
915 3231 1120 3294 videri
1168 3231 1349 3315 solet,
1397 3231 1509 3314 qui
1545 3252 1677 3294 non
1712 3234 1979 3314 propter
2016 3252 2195 3314 spem

159 3318 365 3382 futuri
412 3317 732 3402 beneficii,
782 3319 893 3382 sed
936 3323 1202 3402 propter
1235 3339 1483 3404 ¹magna
1527 3318 1758 3382 merita
1806 3319 1992 3382 claris
2036 3319 2194 3383 viris

161 3407 449 3470 defertur
503 3411 566 3470 et
624 3409 825 3470 datur.
919 3401 1163 3491 Quare,
1209 3407 1295 3470 sit
1348 3407 1542 3470 modo
1590 3406 1807 3488 aliqua
1853 3429 1953 3470 res
1997 3431 2078 3491 p.,
2126 3407 2193 3470 in
2233 3426 2263 3472 2

159 3517 284 3578 qua
319 3494 530 3558 honos
567 3496 812 3559 elucere
853 3496 1075 3579 possit,
1124 3494 1441 3579 omnibus,
1487 3494 1649 3557 mihi
1688 3494 1889 3578 crede,
1938 3494 2191 3578 amplis-
