2567 3884
303 163 434 226 296
1069 161 1584 216 EPISTULARUM

303 306 540 369 fecerat
605 303 861 368 ordines
925 303 1240 387 equestris
1303 301 1487 388 loci)3
1552 302 2141 386 quattuorviratum
2208 303 2335 366 sibi

302 392 704 478 prorogavit3
762 392 1023 455 comitia
1077 392 1323 455 biennii
1371 392 1569 455 biduo
1616 390 1872 473 habuit,
1925 389 2051 454 hoc
2097 394 2195 454 est
2242 413 2337 455 re-

302 480 645 564 nuntiavit,
692 501 853 563 quos
899 480 959 544 ei
1004 481 1215 543 visum
1262 483 1385 564 est3
1447 478 1697 542 exsules
1742 478 2002 542 reduxit
2044 500 2177 543 non
2223 479 2337 543 ho-

305 591 448 634 rum
483 572 868 652 temporum,
913 567 1025 631 sed
1061 568 1341 651 illorum,
1381 567 1615 651 quibus
1653 588 1691 629 a.
1728 567 2049 630 seditiosis
2076 570 2336 631 senatus

233 673 266 722 3
303 656 661 722 trucidatus
725 659 837 719 aut
901 657 1204 738 expulsus
1269 659 1365 719 est
1430 653 1571 719 Sex.
1632 652 1811 718 Varo
1874 675 2121 737 procos.
2213 653 2337 718 [ua
2386 671 2413 712 5

302 767 455 810 vero
493 745 623 808 iam
658 766 741 808 ne
770 742 1057 807 Caesaris
1095 744 1356 827 quidem
1394 741 1705 827 exemp10,
1744 742 1917 826 quod
1952 743 2122 807 ludis
2159 765 2339 826 prae-

303 837 549 897 textam
596 833 672 896 de
720 853 835 896 suo
883 833 1112 895 itinere
1159 831 1240 895 ad
1289 831 1359 896 L.
1406 830 1753 895 Lentulum
1807 851 2054 914 procos.
2102 831 2339 895 sollici—

304 922 572 985 tandum
626 921 876 1003 posuit,
937 923 1002 983 et
1047 920 1339 1003 quidem,
1394 940 1540 983 cum
1594 922 1923 1004 ageretur,
1983 919 2164 983 flevit
2209 941 2339 982 me-

302 1009 510 1073 moria
547 1029 763 1072 rerum
807 1011 1134 1093 gestarum
1172 1010 1560 1092 commotus3
1604 1007 2074 1092 gladiatoribus
2120 1012 2338 1070 autem

303 1097 576 1160 Fadium
613 1096 948 1179 quendam,
993 1097 1269 1159 militem
1306 1095 1789 1178 Pompeianum,
1835 1096 2003 1180 quia,
2051 1117 2198 1158 cum
2235 1096 2338 1159 de-
2365 1112 2418 1151 1⁰

303 1206 560 1269 pressus
624 1185 693 1248 in
754 1184 981 1248 ludum
1045 1184 1147 1248 bis
1209 1183 1413 1269 gratis
1478 1183 1939 1268 depugnasset,
2004 1186 2339 1247 auctorare

305 1295 440 1336 sese
486 1272 749 1336 nolebat
785 1276 850 1336 et
886 1272 968 1336 ad
1011 1273 1326 1357 populum
1364 1272 1759 1357 confugerat,
1804 1271 2088 1354 primum
2119 1269 2340 1335 Gallos

305 1361 554 1444 equites
589 1361 859 1424 immisit
896 1361 964 1424 in
999 1361 1314 1444 populum
1361 1357 1662 1446 (coniecti
1700 1359 1872 1422 enim
1907 1359 2153 1443 lapides
2190 1363 2339 1422 sunt

306 1449 375 1512 in
421 1470 592 1533 eum,
650 1469 796 1511 cum
851 1448 1254 1533 abriperetur
1307 1444 1600 1531 Fadius),
1662 1447 1887 1511 deinde
1944 1448 2339 1511 abstractum

308 1535 553 1600 defodit
597 1537 667 1598 in
711 1535 865 1599 ludo
905 1539 968 1599 et
1005 1536 1225 1599 vivum
1263 1536 1618 1619 conbussit,
1666 1556 1811 1598 cum
1849 1536 2108 1618 quidem
2152 1557 2339 1619 pran-
2369 1551 2419 1590 1⁵

308 1645 416 1687 sus
460 1622 650 1687 nudis
694 1624 992 1708 pedibu8,
1046 1625 1266 1687 tunica
1322 1625 1558 1707 soluta,
1612 1623 1911 1687 manibus
1956 1623 2038 1687 ad
2082 1627 2184 1687 ter

267 1767 272 1772 .
310 1711 564 1776 reiectis
621 1712 1051 1775 inambularet
1101 1716 1175 1776 et
1234 1712 1333 1776 illi
1392 1712 1627 1776 misero
1688 1712 2054 1795 quiritanti:
2114 1712 2132 1740 ²
2150 1710 2217 1774 O.
2264 1710 2338 1774 R.

306 1803 497 1864 natus
543 1800 717 1863 sum'
766 1799 1205 1883 responderet·
1260 1799 1424 1863 ‘Abi
1470 1820 1668 1883 nunc,
1714 1800 1939 1900 populi
1984 1799 2179 1862 fidem
2226 1800 2341 1862 im-

306 1888 548 1972 plora'3
594 1887 820 1952 bestiis
865 1909 1017 1951 vero
1066 1889 1223 1952 civis
1268 1887 1615 1970 Romanos,
1661 1887 1730 1950 in
1776 1888 1857 1950 iis
1896 1887 2340 1951 circulatorem

309 1975 626 2060 quendam
655 1976 1044 2058 auctionum,
1081 1977 1492 2040 notissimum
1518 1976 1848 2039 hominem
1876 1975 2152 2060 Hispali,
2190 1977 2340 2059 quia
2366 1993 2421 2031 20

310 2064 614 2128 deformis
673 2067 838 2148 erat,
900 2064 1152 2128 obiecit.
1255 2063 1419 2128 Cum
1476 2064 1741 2127 huiusce
1800 2064 1978 2127 modi
2037 2068 2340 2148 portento

308 2174 409 2216 res
454 2152 617 2215 mihi
664 2153 807 2216 fuit.

237 2253 272 2300 4
444 2237 570 2302 Sed
620 2239 697 2303 de
746 2240 861 2303 illo
911 2238 1099 2323 plura
1149 2259 1391 2323 coram3
1445 2259 1645 2323 nunc,
1692 2239 1866 2322 quod
1912 2242 2139 2322 restat,
2187 2239 2344 2322 quid

306 2348 410 2389 me
448 2327 662 2390 velitis
707 2328 931 2412 facere,
979 2327 1370 2390 constituite.
1462 2325 1608 2390 Tris
1644 2327 1933 2412 legiones
1978 2328 2199 2390 firmas
2234 2326 2341 2389 ha-

307 2414 429 2477 beo
439 2465 456 2498 ,
514 2436 784 2497 quarum
838 2437 1058 2498 unam,
1112 2412 1426 2498 XXVIII,
1483 2436 1629 2478 cum
1684 2415 1765 2478 ad
1820 2437 1886 2478 se
1941 2415 2130 2478 initio
2186 2414 2341 2478 belli
2369 2431 2424 2470 25

308 2503 672 2566 arcessisset
696 2500 1022 2567 Antonius
1058 2502 1179 2565 hac
1214 2502 1703 2586 pollicitatione,
1742 2523 1871 2586 quo
1902 2502 2003 2566 die
2030 2503 2099 2565 in
2138 2505 2344 2566 castra

308 2591 614 2675 venisset,
680 2590 973 2654 denarios
1033 2591 1394 2676 quingenos
1454 2589 1726 2675 singulis
1785 2590 2105 2654 militibus
2167 2591 2345 2653 datu-

309 2700 481 2762 rum,
527 2679 596 2741 in
642 2679 916 2743 victoria
959 2699 1112 2742 vero
1161 2679 1381 2742 eadem
1425 2678 1712 2762 praemia
1760 2700 1921 2762 quae
1968 2679 2101 2742 suis
2146 2678 2347 2764 legio·

306 2767 500 2830 nibus
547 2765 852 2852 (quorum
900 2767 1044 2850 quis
1090 2766 1291 2830 ullam
1337 2767 1533 2830 finem
1580 2770 1691 2829 aut
1741 2766 2007 2830 modum
2053 2766 2347 2829 futurum

307 2854 664 2941 putabim),
711 2855 1227 2918 incitatissimam
1274 2855 1512 2918 retinui
1558 2877 1747 2940 aegre
1795 2854 2191 2918 mehercules
2227 2875 2346 2918 nec
2374 2871 2425 2911 so

308 2943 734 3027 retinuissem,
782 2944 836 3006 si
882 2964 1011 3007 uno
1058 2942 1201 3005 loco
1246 2942 1635 3026 habuissem,
1682 2947 1908 3027 utpote
1947 2964 2093 3007 cum
2132 2941 2348 3027 singu—

307 3030 407 3094 lae
473 3032 784 3115 quaedam
849 3031 1145 3094 cohortes
1209 3031 1591 3094 seditionem
1654 3031 1939 3094 fecerint.
2040 3029 2349 3113 Reliquas

309 3141 565 3203 quoque
637 3119 924 3205 legiones
987 3139 1119 3182 non
1195 3118 1443 3182 destitit
1507 3119 1745 3182 litteris
1818 3123 2011 3202 atque
2075 3118 2349 3181 infinitis

307 3207 893 3291 pollicitationibus
958 3207 1243 3270 incitare.
1352 3205 1491 3271 Nec
1554 3228 1706 3270 vero
1779 3207 1994 3271 minus
2067 3206 2349 3290 Lepidus

309 3296 474 3359 ursit
520 3317 623 3359 me
671 3298 735 3359 et
782 3296 913 3358 suis
961 3298 1024 3358 et
1069 3293 1317 3357 Antoni
1362 3295 1630 3378 litteris,
1677 3298 1749 3358 ut
1795 3295 2119 3380 legionem
2164 3293 2347 3358 XXX
2375 3309 2425 3348 ³5

241 3397 271 3445 5
303 3383 637 3447 mitterem
685 3383 825 3446 sibi.
918 3381 1162 3466 Itaque,
1210 3403 1402 3464 quem
1440 3383 1793 3446 exercitum
1828 3405 2037 3466 neque
2072 3383 2347 3446 vendere

313 3471 462 3534 ullis
498 3471 800 3553 praemiis
838 3471 1016 3534 volui
1052 3491 1170 3533 nec
1208 3491 1431 3533 eorum
1467 3472 1901 3553 periculorum
1946 3474 2143 3555 metu,
2189 3491 2350 3554 quae
